3092 5309
416 501 787 626 rnnnsanrn
828 549 940 631 ιιι.
974 555 1044 634 rx.

246 764 380 841 Pontus,
402 773 435 828 et
449 761 626 830 osmfaam
636 761 767 828 dirimat
782 761 1097 854 Chaloadonscunu,

157 879 222 938 960
245 869 472 954 Euxinumque
485 866 588 934 serena
601 889 701 954 parvo
715 880 788 934 ruat
802 891 859 936 ore
875 871 1058 960 Propontis.

247 978 427 1066 Sigeasque
436 975 517 1062 petit
530 975 624 1041 famoe
638 974 772 1041 mirator
782 998 905 1054 arenas,

245 1089 290 1154 Et
306 1085 475 1155 Simo'e'ntia
490 1109 598 1174 aquas,
620 1097 652 1151 et
667 1085 770 1166 Graio
784 1088 893 1155 nobile
911 1089 1005 1158 busto

245 1193 412 1272 Rhoetion,
434 1204 467 1258 et
479 1193 616 1260 multum
632 1191 783 1260 debentes
797 1195 924 1263 vatibus
938 1176 1077 1268 umbrm.

243 1301 366 1368 Circuit
379 1309 499 1366 exustae
513 1317 632 1363 nomen
646 1299 854 1366 memorabile
868 1301 990 1389 Trojae,

152 1414 217 1473 965
241 1405 427 1495 Magnaque
442 1402 586 1470 Phoebaei
601 1403 717 1490 quaerit
731 1403 863 1493 vestigia
876 1408 974 1472 muri.

241 1513 315 1578 Jam
330 1511 416 1576 silvae
429 1509 560 1588 steriles,
583 1521 616 1576 et
630 1521 738 1596 putres
752 1511 869 1577 rubore
882 1516 989 1580 trunci

243 1617 391 1683 Assaraci
404 1637 545 1703 pressere
558 1614 681 1695 domos,
701 1627 733 1682 et
747 1615 867 1704 templa
880 1618 1015 1688 deorum

243 1720 317 1788 Jam
330 1721 411 1787 lassa
421 1720 668 1787 radicateuent:
690 1741 728 1784 ao
742 1731 810 1786 tota
824 1731 981 1810 teguntur

245 1831 404 1922 Pergama
418 1831 571 1916 dumetis:
595 1831 690 1898 etiam
706 1831 830 1916 periero
843 1834 955 1898 ruiuoe.
1097 1905 1105 1924 ι

155 1940 223 2004 970
245 1938 369 2024 Aspicit
385 1937 544 2002 Hesiones
559 1936 715 2022 scopulos,
728 1936 883 2024 silvasque
896 1937 1031 2005 latentes

245 2040 396 2106 Anchisae
409 2040 584 2118 thalamos3
611 2062 674 2127 quo
684 2041 786 2127 judex
799 2041 915 2108 sederit
930 2056 1041 2110 antro:

247 2145 346 2212 Unde
365 2167 445 2232 puer
460 2155 569 2232 raptus
583 2145 681 2210 ooelo:
703 2167 768 2232 quo
783 2146 901 2210 vertioe
915 2145 995 2212 Nais

243 2249 371 2316 Luserit
386 2249 532 2315 OEnone:
548 2249 671 2316 nullum
686 2260 733 2314 est
747 2250 955 2316 sinenornine
969 2273 1091 2319 aarum.

245 2351 367 2420 Inscius
380 2355 415 2420 in
430 2356 514 2420 sicco
527 2365 705 2440 serpentem
721 2354 853 2439 pulvere
867 2356 970 2420 rivum

158 2460 225 2524 975
248 2459 443 2539 Transierat,
457 2461 513 2547 qui
529 2457 680 2524 Xanthus
692 2471 781 2523 erata
804 2477 933 2524 securus
946 2461 980 2525 iu
995 2460 1060 2527 alto

246 2563 401 2630 Gramine
414 2563 554 2652 ponebat
567 2585 712 2654 gressus3
739 2563 851 2650 Phryx
861 2563 964 2630 incola
977 2587 1087 2634 manes

246 2668 427 2736 Hectoreos
440 2669 563 2735 oalcare
577 2682 671 2735 vetat.
685 2669 825 2734 discussa
832 2670 983 2756 jacebant

248 2774 343 2854 Saxa,
366 2797 425 2840 nec
440 2773 533 2840 ullius
547 2773 659 2840 faciem
671 2775 828 2840 servantia
837 2775 918 2839 sacri
929 2800 940 2852 ς

248 2877 402 2960 Heraeas,
424 2891 616 2946 monstrator
633 2883 687 2958 ait,
710 2897 777 2946 non
792 2879 920 2966 respicis
934 2877 1028 2944 aras?-

157 2990 224 3050 980
291 2982 324 3050 Ο
339 3006 436 3062 saoer,
459 2997 491 3050 et
507 3007 642 3074 magnus
656 2996 763 3050 vatum
779 2984 881 3063 labor,
905 2985 1014 3050 omnia
1024 2984 1091 3051 fato

248 3089 365 3176 Eripis,
381 3103 413 3156 et
426 3091 550 3178 populis
565 3091 665 3157 donas
675 3091 861 3156 mortalibus
875 3113 989 3157 arvum.

248 3193 374 3260 Invidia
386 3215 493 3274 morte,
511 3195 630 3276 Caesar,
646 3218 688 3261 ne
701 3207 833 3284 tangere
846 3192 957 3260 famoe:

248 3299 348 3392 Nam,
369 3299 393 3363 si
410 3299 488 3387 quid
501 3299 601 3366 Latiis
616 3300 662 3367 fas
675 3313 722 3366 est
736 3300 921 3386 promittere
930 3300 1045 3379 Musis,

251 3403 418 3482 Quantum
435 3405 593 3494 Smyrnaei
608 3406 772 3472 durabunt
784 3405 863 3470 vatis
873 3405 1022 3485 bonores,

79 3575 83 3582 .
160 3518 225 3580 985
252 3510 384 3576 Venturi
399 3521 461 3589 ine,
485 3524 579 3598 teque
593 3493 701 3602 lagani
708 3537 717 3590 ς
742 3509 907 3576 Pharsalia
920 3523 1030 3577 nostra

249 3615 353 3694 Vivet,
368 3628 401 3681 et
415 3640 435 3681 a
448 3617 536 3682 nullo
550 3618 687 3684 tenebris
701 3615 905 3682 damnabitur
914 3637 994 3682 aevo.

286 3721 334 3788 Ut
348 3723 438 3790 ducis
452 3723 593 3811 implevit
607 3726 690 3790 visus
705 3721 885 3790 veneranda
898 3735 1048 3802 vetustas,

253 3825 366 3893 Erexit
380 3828 498 3895 subitas
519 3841 672 3918 congestu
686 3828 810 3915 cespitis
825 3851 908 3908 aras,

1207 578 1282 652 417

143 4043 201 4079 eum
211 4025 271 4077 dicit
282 4029 387 4084 Επιιισ,
400 4027 467 4077 aliud
484 4027 614 4092 requiritur
635 4027 693 4091 Epi-
761 4033 816 4079 980.
837 4029 937 4085 omar,
956 4038 979 4078 et
994 4043 1095 4090 armar
1102 4036 1184 4077 autum
1198 4025 1286 4093 lobon]

143 4107 235 4162 theton
253 4105 319 4170 quod
336 4108 404 4162 calin
421 4105 547 4168 exprimat.
589 4105 620 4155 Id
640 4121 696 4156 raro
728 4104 797 4169 Lege
807 4107 895 4165 Furor,
906 4105 1040 4153 Instinctus
1051 4103 1154 4161 divinus,
1165 4103 1267 4152 afflatum

143 4185 282 4251 suppeditat
291 4187 366 4238 codex
383 4187 483 4254 Regius,
762 4189 817 4234 994.
838 4185 930 4245 Pignus
949 4185 1097 4231 memorubrle
1113 4181 1215 4246 templa]
1244 4181 1286 4230 ste

167 4303 417 4348 nautarum
431 4291 613 4348 marmana
625 4305 699 4356 nors.

726 4259 840 4318 'codioas5
856 4258 898 4308 aed
909 4258 983 4321 paulo
993 4269 1050 4307 anta
1061 4275 1082 4307 ι.
1091 4265 1147 4308 964.
1154 4258 1286 4307 habuimus

731 4341 826 4387 Nomou
837 4339 985 4387 memorabile
1000 4337 1083 4400 Ma.
1118 4335 1239 4384 Nonnulli
1250 4345 1282 4384 ta·

143 4401 207 4454 Ideo
229 4407 370 4467 numnam.
390 4407 448 4474 quia
470 4409 576 4459 unua.
610 4407 698 4458 Noster
730 4430 788 4464 m
806 4416 863 4464 nm
885 4417 1017 4464 amessa
1040 4413 1135 4477 ΜΦ.-
1159 4410 1224 4477 quod
1235 4427 1286 4461 non

142 4480 184 4530 vil·
197 4487 250 4532 120·
730 4493 815 4556 planat.
844 4493 895 4542 Hic
912 4502 995 4541 tamen
1014 4493 1116 4541 libenter
1134 4491 1288 4540 edacissimus

164 4605 490 4654 „mmmm
502 4605 542 4644 ,m
554 4605 700 4654 &mm
738 4573 872 4621 Venerabile
891 4575 988 4635 pignus.
1013 4569 1080 4638 quod
1095 4569 1150 4620 loeo
1170 4584 1222 4620 nou
1243 4583 1289 4618 auo

167 4661 396 4714 annueramus·
403 4664 650 4706 mammosam
732 4651 983 4713 poeumtuhrarii,

695 4750 719 4798 G
733 4757 750 4802 5
