3092 5309
316 542 320 547 ’
387 538 750 617 PHARSALIAE
791 537 902 616 LIB.
940 540 1033 618 VII.
1211 554 1283 615 383

273 758 348 823 Non
363 756 435 821 istas
448 753 560 819 habuit
572 770 688 839 pugnoe
703 750 863 818 Phusuis
876 754 1002 839 parteis,

273 862 362 939 Quas
376 860 446 925 olioe
461 857 575 923 clades:
599 856 660 923 illic
674 878 730 943 per
743 856 808 923 fata
821 858 973 937 virorum,

273 966 336 1031 Per
349 962 481 1051 populos
494 962 547 1027 hic
564 962 668 1029 fflma
681 962 778 1047 pcrit:
801 962 887 1049 quod
901 962 1008 1029 militis
1021 961 1096 1043 illic,

191 1076 251 1136 685
275 1068 367 1135 Mors
376 1068 429 1133 hic
443 1066 545 1157 gentis
558 1079 643 1131 erat:
667 1066 793 1155 sanguis
807 1067 851 1131 ibi
865 1065 957 1133 fluxit
971 1066 1118 1147 Achaeus,

278 1174 436 1251 Ponticus,
453 1171 616 1259 Assyrius:
640 1182 769 1237 cunctos
783 1170 904 1237 hoerere
917 1192 1043 1237 cruores

279 1278 453 1354 Romanus,
470 1276 649 1362 campisque
663 1286 747 1341 vetat
761 1277 928 1342 consistere
942 1288 1083 1343 torrens:

278 1382 384 1469 Majus
398 1381 438 1446 ab
452 1380 513 1447 hae
526 1381 604 1459 acie,
620 1401 714 1467 quam
729 1380 816 1467 quod
826 1404 884 1447 susa
896 1380 998 1447 secula
1010 1378 1128 1446 ferrent

276 1486 399 1552 Vulnus
412 1485 530 1551 habent
543 1484 671 1571 populi:
693 1484 763 1570 plus
778 1498 825 1551 est
837 1508 933 1571 quam
946 1486 1021 1563 vita,
1036 1484 1187 1573 salusque,

192 1599 257 1657 640
279 1590 377 1668 Quod
387 1590 487 1675 perit:
508 1589 541 1653 in
556 1601 657 1655 totum
672 1589 783 1654 mundi
797 1590 1022 1675 prosternimur
1036 1610 1149 1655 aarum.

277 1693 423 1759 Vincitur
437 1691 486 1757 his
499 1691 610 1783 gladiis
624 1692 735 1770 omnis,
751 1714 824 1780 quoe
837 1694 957 1772 serviet,
973 1704 1059 1759 oetas.

181 1782 185 1797 ’
278 1798 430 1863 Proxime
443 1796 520 1884 quid
535 1796 666 1877 soboles,
681 1809 736 1893 aut
749 1798 827 1883 quid
837 1820 979 1863 meruere
993 1808 1122 1884 nepotes

277 1903 316 1967 In
332 1923 463 1990 regnum
478 1898 587 1967 nasci?
608 1902 721 1987 pavide
735 1922 813 1967 num
826 1903 977 1991 garumna
990 1900 1103 1968 arms?

280 2006 432 2071 Teximus
446 2018 502 2072 aut
510 2002 663 2093 jugulos?
685 2005 778 2071 alieni
791 2028 888 2092 poena
901 2007 1022 2073 timoris

194 2117 256 2177 645
280 2111 320 2177 In
334 2122 441 2176 naama
454 2110 574 2175 cervice
588 2110 682 2175 sedet.
711 2122 783 2195 post
796 2110 906 2196 proelis
919 2111 1001 2177 natis

281 2216 316 2282 si
329 2214 503 2293 dominum,
520 2214 673 2293 Fortuna,
689 2214 798 2294 dabas,
813 2228 846 2281 et
859 2214 941 2281 bello
953 2214 1098 2281 dedisses·

278 2318 351 2385 Jam
367 2318 507 2407 Magnus
521 2319 667 2383 transisse
682 2318 780 2397 Deos,
798 2320 1005 2405 Romanaque
1018 2318 1082 2383 fsto

281 2424 427 2490 Senserat
440 2421 568 2487 infelix:
591 2434 658 2488 tots
674 2422 725 2485 vix
740 2422 830 2487 clade
844 2432 970 2488 oooctm

283 2526 456 2591 Fortunam
469 2525 619 2591 &muare
633 2548 730 2604 nram,
747 2527 832 2591 stetit
841 2549 957 2615 aggere
970 2530 1074 2614 compi

192 2638 257 2697 650
280 2629 422 2709 Eminus,
438 2629 522 2695 unde
536 2630 656 2695 omneis
670 2652 792 2715 sparsas
804 2652 862 2717 per
877 2631 1029 2697 Thessala
1042 2654 1117 2699 rura

282 2720 445 2820 Aspiccret
459 2732 574 2811 clades,
589 2754 660 2819 qum
675 2732 755 2799 bello
769 2734 914 2801 obstante
926 2734 1075 2803 latebant.

285 2838 350 2903 Tot
363 2837 433 2903 telis
446 2860 502 2905 sua
515 2836 579 2902 fata
593 2838 668 2922 peti,
683 2848 732 2903 tot
746 2858 881 2925 corpora
893 2838 971 2917 fissa,

284 2943 334 3007 Ac
348 2965 380 3007 se
392 2956 458 3007 tam
473 2940 573 3006 multo
586 2953 772 3027 pereuntem
787 2944 938 3031 sanguine
953 2943 1041 3009 vidit.

284 3046 365 3127 Nec,
380 3047 460 3111 sicut
473 3067 542 3110 mos
556 3058 602 3110 cst
615 3046 745 3125 nriseris,
761 3046 886 3113 trahere
900 3049 1008 3115 omnia
1024 3069 1130 3115 sacrm

196 3158 260 3217 655
285 3150 392 3217 Mersa
401 3151 501 3236 juvat,
516 3160 686 3239 gentesque
700 3173 766 3215 suae
780 3152 910 3217 miscere
923 3153 1041 3217 ruinas:

284 3256 333 3323 Ut
347 3254 449 3321 Latiae
462 3268 534 3340 post
548 3277 580 3319 se
595 3255 678 3319 vivat
689 3276 762 3340 pars
776 3256 915 3323 maxims
929 3256 1042 3335 turboe,

287 3352 567 3449 Sustinuit'dignos
582 3360 674 3425 etiam
689 3382 776 3427 nunc
790 3360 918 3429 erodere
931 3362 1012 3427 votis

286 3466 461 3543 Coelicolas,
478 3464 636 3550 voluitque
650 3464 698 3529 sui
712 3464 823 3531 solatia
836 3488 941 3533 casus:

285 3570 419 3649 Parcite,
436 3570 489 3646 ait,
506 3569 629 3653 Superi,
645 3582 772 3666 punctos
786 3582 983 3656 prosternere
995 3580 1121 3659 gentos:

198 3686 263 3745 660
287 3678 397 3742 Stante
409 3686 512 3760 potest
526 3672 656 3751 mundo,
674 3674 840 3763 Romsque
853 3676 1026 3763 superstite,
1044 3674 1184 3764 Magnus

287 3779 364 3845 Esse
378 3779 481 3843 miser.
501 3776 526 3841 si
541 3776 633 3863 plura
642 3777 755 3863 juvant
770 3802 842 3847 mes
854 3782 994 3860 vulnera,
1015 3781 1134 3867 conjux
1172 3774 1175 3778 ’

201 3987 676 4041 mmmmmmauuuum
763 3979 833 4029 osio
851 3983 952 4031 Mosam.
969 3979 1019 4027 xiii.
1033 3982 1091 4028 sss.

205 4052 313 4103 mm
324 4051 413 4091 mom
420 4049 497 4089 m
786 4093 830 4133 Nec
838 4092 921 4130 rsluen
929 4099 1002 4129 manus
1008 4089 1097 4127 tonsum
1105 4085 1274 4127 adsuetum

182 4156 297 4213 Hoccst3
315 4152 443 4217 unguine.
476 4148 546 4199 ovio
563 4147 729 4197 Mamers.
786 4151 989 4203 mpetu-om.

207 4258 730 4315 nmpomsmpensommuanumm
796 4248 1157 4311 ssu-Quspeemsuu
1224 4264 1228 4276 ι

205 4324 443 4380 fflmffl·
864 4322 1055 4390 nmsuau]
1089 4322 1165 4373 rusa

184 4430 274 4479 Sonam
286 4427 384 4489 OEdipo,
404 4430 474 4474 1040.
810 4438 1160 4492 *quamtus

206 4544 681 4598 Jssetpesentssmlnerttnusortmrnsum
814 4505 953 4547 m

212 4604 502 4657 Bmmfflnlmlw
511 4604 643 4652 deultum·
771 4595 877 4645 (imiim-
