3092 5309
235 617 310 684 444
524 597 584 676 M.
610 579 817 676 ANNAEI
842 595 1070 676 LUCANI

351 813 507 892 Turbine,
522 833 588 878 non
602 810 666 878 alio
679 823 769 876 motu
783 832 841 898 per
855 822 941 880 tecta
953 811 1104 894 cucurrit,

354 919 461 998 Quam
475 916 553 984 solet
566 915 698 982 etherio
712 917 832 1002 lsmpns
845 915 1015 982 decurrere
1029 918 1128 997 sulco,

351 1023 551 1110 Materiaque
565 1043 686 1099 carens,
703 1033 798 1108 atque
811 1021 925 1088 ardens
940 1031 1014 1088 adse
1027 1022 1105 1090 solo.

398 1129 457 1194 Ills
469 1127 536 1192 lues
550 1125 655 1192 clausa
668 1125 800 1212 paulum
813 1127 973 1192 resonavit
985 1125 1028 1192 ab
1042 1126 1115 1194 aula

268 1245 331 1303 505
355 1237 453 1304 Urbis
468 1237 502 1300 in
515 1234 668 1301 auxilinm
682 1234 827 1320 populos.
841 1255 901 1300 nec
916 1245 1060 1320 tempora
1071 1234 1171 1302 cladis

356 1340 499 1407 Perdidit
512 1341 547 1405 in
562 1361 700 1416 somnos,
716 1338 771 1404 sed
785 1361 871 1405 cmca
885 1351 980 1405 nocte
994 1339 1111 1406 cerinis

356 1445 479 1512 Insiluit
496 1445 616 1522 cesar,
631 1465 755 1530 semper
769 1443 901 1509 feliciter
914 1467 990 1510 naus

357 1546 517 1632 Praecipiti
533 1569 627 1612 cursu
642 1545 810 1625 bellorum,
824 1559 857 1612 et
870 1559 1014 1632 tempore
1026 1559 1128 1632 rspto.

353 1651 448 1718 Tunc
463 1651 632 1718 claustrum
648 1650 749 1740 pelagi
766 1651 850 1738 cepit
865 1649 1004 1716 Phoron.
1019 1651 1121 1718 insuls
1133 1651 1305 1743 quondam

270 1763 334 1824 510
356 1757 396 1822 In
411 1755 516 1822 medio
533 1757 617 1822 stetit
631 1755 685 1821 ills
699 1756 790 1833 mari,
802 1756 861 1822 sub
876 1768 1019 1843 tempore
1028 1757 1108 1824 vetis

358 1861 510 1928 Proteos:
527 1874 561 1926 at
575 1881 660 1926 nunc
674 1873 721 1926 est
736 1859 859 1926 Pelloeis
871 1862 1019 1947 proxima
1032 1863 1142 1942 muris,

356 1966 417 2032 Illa
431 1963 504 2031 duci
517 1967 661 2055 geminos
674 1965 831 2031 bellorum
845 1967 991 2051 praestitit
1005 1991 1101 2034 naus:

357 2070 498 2136 Abstulit
512 2090 661 2137 excursus
672 2085 704 2136 et
719 2070 824 2138 lauces
837 2072 974 2158 [equoris
988 2070 1092 2149 hosen

361 2175 496 2242 Caesaris
510 2175 634 2244 auxiliis
648 2176 751 2242 aditus
765 2189 798 2242 et
811 2175 912 2242 libera
924 2178 1016 2262 ponti

271 2287 334 2346 515
359 2279 451 2348 Ostia
464 2282 614 2370 permisit.
629 2303 688 2348 nec
701 2303 813 2368 poenas
826 2279 903 2348 inde
918 2280 1048 2346 Pothini

357 2385 491 2453 Distulit
504 2386 651 2453 ulteriusz
669 2386 724 2452 sed
739 2407 806 2452 non
821 2408 886 2472 qna
898 2384 1011 2452 debuit
1023 2385 1084 2463 ira,

358 2490 435 2555 Non
450 2513 555 2570 cruce,
571 2513 636 2558 non
651 2491 796 2569 flammis,
811 2489 925 2556 rabido
939 2511 1005 2555 non
1019 2487 1115 2555 dente
1127 2487 1294 2558 ferarum:

362 2593 441 2660 Heu
455 2594 584 2674 facinus,
600 2597 708 2662 cervix
720 2595 830 2685 gladio
844 2595 926 2662 mala
940 2615 1022 2660 coesa
1035 2595 1203 2683 pependit:

366 2698 481 2790 Magni
496 2713 599 2766 morte
612 2701 704 2788 perit.
720 2722 846 2768 necnon
860 2699 1009 2786 subrepta
1022 2699 1140 2786 paratis

163 2883 171 2902 ,
277 2817 341 2878 520
364 2812 396 2878 A
410 2809 527 2890 famulo
541 2811 731 2900 Gmrymede
744 2811 827 2877 dolia
840 2813 984 2898 pervenit
997 2809 1041 2877 sd
1053 2809 1159 2878 hostes

364 2917 499 2982 Caeseris
515 2917 667 2984 Arsino'e':
683 2939 755 3004 quae
769 2927 873 2983 castra
883 2917 1024 2984 carentis
1037 2937 1114 3004 rege

366 3020 415 3087 Ut
428 3021 533 3107 proles
548 3021 657 3112 Iagea
670 3033 768 3101 tenet,
783 3019 996 3109 famulumque
1010 3019 1156 3108 Tyranni

369 3125 561 3192 Terribilem
571 3128 658 3214 justo
673 3128 826 3216 transegit
839 3125 984 3192 Achillen
996 3125 1091 3191 ferro.

363 3227 485 3308 Alteras,
506 3229 640 3320 Magne,
656 3231 718 3298 tuis
727 3231 797 3318 jam
811 3231 940 3296 victima
953 3231 1088 3296 mittitur
1102 3228 1232 3296 umbris.

272 3335 337 3396 ⁵25
361 3333 430 3399 Nec
447 3335 520 3400 satis
535 3336 596 3401 hoc
612 3335 755 3402 Fortuna
768 3348 870 3422 putat.
885 3335 997 3423 procul
1011 3334 1102 3414 absit,
1117 3349 1156 3401 ut
1168 3335 1230 3401 ists

364 3437 525 3504 Vindietae
539 3440 580 3505 sit
594 3461 717 3508 summa
731 3453 806 3506 tuse.
821 3461 887 3504 non
902 3439 970 3526 ipse
983 3451 1138 3526 tymnons

368 3543 490 3611 Sufficit
504 3546 538 3609 in
553 3567 674 3631 poenas,
689 3569 755 3612 non
771 3547 876 3612 omnis
888 3545 977 3634 segis
993 3544 1086 3633 Lagi.

367 3646 458 3713 Dum
473 3651 567 3735 pstrii
582 3651 710 3716 veniunt
723 3651 756 3717 in
772 3652 892 3716 viscere
906 3650 1042 3718 Coesaris
1055 3673 1156 3731 enses,

369 3753 511 3842 Magnus
526 3755 642 3822 inultus
657 3757 726 3822 erit.
743 3757 799 3822 sed
814 3779 880 3822 non
895 3769 1024 3822 auctore
1037 3755 1155 3821 furoris

285 3865 349 3923 530
373 3857 506 3926 Sublato
521 3860 635 3926 cecidit
648 3861 769 3927 rabies:
783 3883 859 3928 nam
873 3884 980 3928 rursus
991 3862 1024 3926 in
1038 3883 1129 3926 mma

371 3965 529 4051 Auspiciis
544 3965 741 4054 Ganymedis
752 3979 849 4032 eunt:
865 3989 902 4032 sc
916 3965 1016 4034 multa
1029 3963 1169 4032 semmdo

373 4069 487 4136 Proelia
502 4083 602 4138 marte
615 4083 741 4161 gerunt.
756 4071 861 4158 potuit
874 4071 1056 4136 discrimine
1068 4090 1193 4136 summo

371 4174 506 4241 Caesaris
521 4199 584 4242 una
598 4177 664 4244 dies
679 4177 713 4242 in
727 4177 855 4256 famam,
871 4190 903 4242 et
916 4175 1022 4242 secula
1035 4174 1127 4240 mitti

416 4278 517 4346 Molis
531 4282 565 4346 in
580 4281 705 4370 exigue
721 4283 823 4368 spatio
836 4280 1023 4367 stipantins
1037 4279 1143 4356 armis,

288 4387 351 4477 585
375 4382 465 4450 Dum
479 4398 571 4472 paret
581 4387 615 4452 in
629 4409 743 4454 vacuas
757 4400 891 4454 martem
906 4384 1074 4454 mustene
1085 4381 1209 4452 casinas

263 4581 364 4630 nomine
380 4581 514 4648 legatorum
525 4595 649 4648 ponuntur
667 4587 820 4638 Dioscorides
874 4590 930 4636 512
938 4587 987 4636 rua
995 4588 1054 4634 dsscs'
1060 4583 1283 4648 geminosbeliomt
1290 4576 1401 4642 promtu

264 4666 289 4706 ‘i
303 4659 407 4724 3Μοῑο
426 4679 480 4726 que
503 4674 528 4713 et
546 4679 577 4714 ex
592 4665 661 4716 Lirin
677 4667 718 4716 hie
740 4667 820 4730 posuit
851 4663 941 4730 usur]
962 4657 1401 4726 Erpliesndoboelocosesriuntqu

265 4733 408 4790 scholiastes
424 4742 481 4794 MS·
504 4743 611 4794 Grotius
851 4743 987 4808 suntapud
997 4739 1178 4794 menne
1188 4739 1279 4790 Phua
1299 4735 1403 4788 orsam
