3092 5309
236 615 314 676 aes
516 596 574 672 M.
617 595 825 676 ANNAEI
868 595 1099 674 LUCANI

347 809 531 876 Ambitione
542 809 643 888 furor,
659 809 761 876 civilia
774 808 856 876 bella
869 810 992 898 gerenti

344 915 481 982 Divitias
494 915 617 1000 aperire
630 937 711 992 suas,
724 915 891 980 incendere
905 924 1044 978 mentem

349 1019 495 1106 Hospitis
510 1020 631 1085 armati.
654 1041 720 1085 non
735 1021 775 1084 sit
785 1019 858 1084 licet
871 1018 925 1084 ille
939 1017 1077 1083 nefando

262 1131 324 1190 150
348 1123 455 1190 Marte
469 1135 596 1210 paratus
611 1147 687 1210 opes
701 1124 813 1190 mundi
826 1123 973 1210 quaesisae
982 1122 1076 1188 roim
1087 1145 1096 1184 z

348 1229 437 1296 Pone
458 1229 553 1296 duces
566 1231 695 1316 priscos,
718 1243 750 1296 et
764 1231 895 1296 uomina
908 1228 1055 1314 pauperis
1067 1224 1128 1291 sevi

347 1333 518 1414 Fabricios,
543 1335 717 1422 Curiosque
731 1357 861 1423 graves:
883 1333 936 1399 bic
950 1332 1001 1399 ille
1014 1330 1179 1398 recumbat

344 1440 498 1506 Sordidus
515 1439 680 1506 Hetruscis
694 1440 848 1506 abductus
863 1438 984 1512 Consrd
998 1438 1120 1514 aratris,

346 1545 481 1632 Optabit
494 1546 606 1632 patrioe
620 1545 715 1617 talem
731 1545 858 1610 duxisse
870 1543 1079 1630 triumphum.

262 1657 322 1716 155
390 1649 539 1716 Infudere
553 1651 661 1738 epulas
676 1673 764 1728 auro,
788 1648 875 1736 quod
889 1661 982 1726 terra,
1006 1646 1092 1735 quod
1106 1647 1171 1724 air,

347 1753 445 1832 Quod
460 1755 601 1844 pelagus,
621 1754 776 1842 Nilusque
790 1754 888 1833 dedit,
904 1752 991 1842 quod
1004 1752 1098 1818 luxus
1108 1752 1198 1816 inani

347 1861 532 1927 Ambitione
545 1861 650 1926 fluens
663 1873 730 1926 toto
746 1862 891 1950 quesivit
905 1861 939 1925 in
954 1860 1041 1937 orbe,

346 1961 423 2031 Non
439 1967 609 2032 mandante
623 1965 714 2031 seme.
737 1967 852 2032 multas
867 1966 1068 2052 volucresque
1080 1964 1227 2051 ferasque

347 2067 486 2158 AEgypti
501 2091 632 2156 posuere
646 2070 746 2136 Deos:
772 2069 979 2156 manibusque
993 2069 1152 2134 ministrat

262 2180 323 2238 160
346 2173 485 2240 Niliacas
500 2175 663 2262 crystallus
677 2197 792 2261 aquas:
814 2196 1013 2264 gemmoeque
1026 2195 1157 2259 capaces

274 2355 279 2364 ¹
348 2277 512 2365 Excepere
525 2301 660 2360 merum,
676 2281 731 2346 sed
746 2303 812 2345 non
827 2279 1025 2346 Mareotidos
1040 2301 1121 2356 usse,

347 2382 464 2450 Nobile
478 2383 533 2449 sed
547 2385 655 2471 paucis
669 2385 790 2450 senium
804 2385 857 2450 cui
872 2383 1008 2450 contulit
1021 2384 1113 2448 annis

344 2487 540 2554 Indomitum
555 2487 671 2554 Meros
685 2511 801 2579 cogens
815 2511 961 2575 spumare
976 2487 1155 2554 Falernum.
1236 2493 1241 2502 '

347 2593 517 2679 Accipiunt
532 2606 628 2660 sertas
643 2593 744 2659 nando
757 2593 891 2660 florente
903 2613 1046 2669 coronas,

261 2704 322 2764 165
345 2697 390 2764 Et
402 2721 563 2786 nunquam
576 2681 715 2788 fugiente
730 2721 819 2764 rosa:
843 2697 1040 2786 militumque
1055 2696 1197 2763 madenti

348 2807 497 2876 Infudere
511 2832 622 2888 comus,
645 2810 731 2898 quod
743 2810 889 2876 nondum
898 2809 1026 2875 evanuit
1040 2831 1118 2874 aura

347 2915 537 2993 Cinnamus,
554 2907 686 2980 externe
700 2920 759 2980 n‘ec
773 2913 914 3001 perdidit
926 2914 1001 2979 adra
1015 2929 1119 2979 terrac

347 3017 588 3106 Advectumque
603 3039 710 3084 recens
722 3019 834 3096 vicium
846 3019 955 3084 messis
969 3019 1153 3084 Amomum.

346 3129 451 3195 Discit
465 3151 540 3216 opes
556 3129 665 3196 Coessr
676 3129 802 3216 spoliati
815 3128 948 3216 perdere
962 3128 1086 3205 mundi,

263 3235 323 3300 170
346 3233 391 3299 Et
404 3235 532 3324 gessisse
546 3233 645 3321 pudet
657 3256 777 3323 genero
788 3257 864 3302 cum
878 3255 1018 3321 paupere
1031 3232 1161 3312 bellum,

349 3335 393 3404 Et
407 3361 516 3406 csusss
530 3341 640 3404 martis
657 3335 780 3406 Phariis
795 3361 868 3405 cum
881 3337 1030 3427 gentibus
1043 3347 1142 3421 optat

348 3445 521 3532 Postquam
532 3445 641 3532 epulis,
666 3444 856 3532 Bacchoque
869 3443 1002 3510 modum
1016 3442 1130 3508 lassata
1141 3439 1291 3527 voluptas

347 3548 511 3636 Imposuit,
527 3551 629 3639 longis
642 3549 750 3616 Caeser
761 3549 938 3636 producere
952 3560 1079 3614 noctem

343 3652 480 3720 Inchoat
493 3654 653 3742 alloquiis:
677 3677 861 3743 summaque
875 3655 908 3718 in
923 3653 997 3719 sede
1005 3654 1164 3740 jacentem

262 3759 322 3822 175
344 3755 529 3846 Linigerum
546 3758 676 3844 placidis
691 3758 860 3845 compellat
874 3757 1023 3824 Achorea
1036 3757 1147 3823 dintist

346 3862 379 3929 Ο
393 3863 488 3928 sacris
501 3862 614 3930 devote
628 3887 736 3943 senex,
751 3865 900 3952 quodque
913 3865 1019 3954 arguit
1032 3875 1109 3928 rems

344 3968 421 4034 Non
432 3969 574 4058 neglecte
584 3969 674 4048 Deis,
698 3969 825 4036 Phariae
838 3969 1013 4056 primordie
1025 3967 1140 4057 gentis,

345 4074 580 4162 Terrarumque
594 4076 682 4156 situs,
698 4075 845 4164 vulgique
858 4074 994 4140 edissere
1007 4095 1120 4150 mores,

257 4285 370 4337 1210un
377 4287 539 4337 mffim
851 4281 908 4326 187.
924 4278 978 4326 Nec
987 4290 1052 4324 ms
1068 4275 1278 4322 Eudorint'noetv
1293 4275 1381 4324 Faus·-

817 4357 860 4404 bur
876 4354 973 4421 ausu]
990 4353 1152 4402 scamnis
1168 4351 1300 4400 Lucanum
1321 4352 1381 4400 Ser-

232 4414 358 4470 Mfflffllb
371 4417 589 4478 ffllffllu‘ssm·
811 4434 872 4482 ,ιὶιιι
887 4443 986 4482 mum
1007 4429 1181 4480 declinationis.
1215 4431 1253 4478 At
1266 4429 1382 4479 defendit

265 4497 320 4542 163.
336 4495 479 4542 indomitum
493 4495 782 4558 Merclcogenrspumore
815 4527 871 4560 mm
894 4512 1033 4560 primum
1052 4509 1165 4558 vmnig
1185 4511 1233 4558 hoc
1254 4509 1377 4562 ,ἀίω

230 4571 378 4638 Falernum]
397 4573 453 4620 Hoc
470 4572 536 4630 dicit,
553 4583 648 4622 tantum
667 4573 700 4622 ibi
716 4573 780 4622 calo·
813 4593 1053 4656 qgffswmmg,
1079 4587 1221 4647 Quinidem
1230 4603 1272 4637 me
1286 4588 1379 4636 Prisci.

229 4663 280 4697 rem
291 4665 343 4698 esse
354 4659 381 4698 ut
391 4651 495 4700 minimo
508 4662 615 4714 tempore
632 4651 781 4702 nobilissima
813 4683 876 4716 mu,
887 4656 991 4718 mhffig
1007 4683 1053 4717 suo
1069 4677 1176 4730 mm
1192 4675 1218 4715 a
1228 4667 1256 4714 in
1270 4667 1380 4716 Hunno

228 4725 284 4774 sina
294 4726 466 4792 decoquimur.
502 4729 610 4778 Grotius.
815 4747 924 4798 latum:
