3092 5309
435 594 794 675 Perusinos
823 594 930 673 Lm
954 594 1045 707 vn
1224 568 1296 677 ser

272 799 336 867 Sed
350 822 417 867 non
430 803 601 890 implerunt
613 806 772 891 cupientes
787 804 895 873 omnin
908 814 1039 869 mentes.

179 904 245 969 755
269 905 428 993 Quicquid
442 906 522 973 fodit
536 908 621 988 Iber,
637 908 786 997 quiequid
801 908 911 997 Tegns
921 906 1044 994 expulit
1051 903 1137 985 'euri

269 1008 426 1096 Quodque
439 1010 515 1101 legit
527 1010 614 1077 dives
628 1012 756 1077 summis
768 1012 952 1097 Arimaspus
966 1010 1079 1088 erenis,

268 1114 317 1181 Ut
330 1114 462 1201 repient,
476 1138 574 1201 perro
587 1117 684 1183 eoelus
698 1117 759 1182 hoc
773 1117 893 1182 venisse
905 1115 1072 1202 putabunt,

269 1218 350 1284 Cum
365 1220 424 1284 sibi
439 1219 591 1307 Terpeies
600 1222 700 1287 victor
714 1221 917 1307 desponderit
930 1242 1037 1285 eroes:

267 1321 350 1389 Cum
364 1345 419 1409 epe
435 1324 590 1391 Romenoe
603 1326 782 1411 promiserit
795 1327 903 1391 omnis
916 1324 1052 1410 prtedoe:

174 1426 241 1491 760
262 1426 437 1514 Decipitur,
451 1430 538 1515 qnod
552 1442 652 1495 cestre
665 1430 756 1516 repit.
782 1431 867 1515 cepit
880 1430 977 1515 impie
990 1427 1095 1515 plebes
1199 1451 1203 1461 ·

265 1530 391 1618 Cespite
403 1533 536 1618 patricio
549 1555 690 1599 somnos:
713 1555 908 1621 vacuumque
920 1532 1024 1599 cubile

262 1634 403 1723 Regibus
416 1636 562 1702 infensius
576 1638 664 1703 miles
676 1638 804 1723 premit:
827 1638 923 1724 inque
936 1648 1114 1723 petentum,

259 1737 362 1825 Inque
375 1740 452 1805 toris
464 1738 597 1805 fretrum
610 1756 783 1827 posuerunt
795 1741 939 1807 membre
951 1752 1116 1807 nocentesz

263 1842 354 1919 Quos
367 1842 466 1931 agitet
479 1866 592 1909 veseus
605 1846 702 1932 quies,
718 1846 881 1932 somnique
894 1843 1052 1911 tumus:

168 1946 232 2013 765
255 1944 468 2014 Thesselicem
481 1950 586 2015 miseri
599 1958 723 2017 versent
736 1952 770 2015 in
784 1962 912 2037 pectore
924 1972 1078 2039 pugnem.

256 2053 405 2141 Invigilat
418 2055 538 2119 ermetis
551 2076 668 2121 sessum
682 2054 789 2133 scelus,
801 2077 951 2142 ermeque
963 2067 1032 2119 tote

258 2156 370 2223 Mente
384 2159 518 2247 agitent,
533 2160 707 2246 capuloque
721 2182 832 2225 menne
842 2159 970 2225 obsente
983 2166 1158 2223 moventur.

256 2260 451 2351 Ingemuisse
463 2274 554 2349 putes
568 2286 706 2351 campos,
722 2276 899 2351 terramque
912 2273 1078 2328 nocentem
1241 2272 1246 2279 ’

255 2366 426 2453 Inspirasse
440 2368 570 2447 enimes,
592 2368 804 2458 infectumque
816 2375 891 2435 e'e‘m
904 2380 1008 2434 totum

167 2470 233 2535 770
256 2469 418 2551 Manibus,
434 2484 466 2537 et
479 2494 625 2559 superem
641 2474 751 2562 Stygia
764 2473 931 2539 formidine
944 2482 1081 2538 noctem.

255 2574 367 2664 Exigit
380 2599 400 2641 e
413 2576 532 2641 meritis
545 2577 659 2643 tristeie
674 2578 804 2643 victorie
813 2600 934 2664 poenee,

255 2679 416 2766 Sibileque
429 2692 461 2745 et
473 2678 615 2746 flemmee
625 2680 720 2747 insert
733 2672 839 2768 sopor:
863 2681 977 2747 umbre
989 2679 1123 2767 peremti

254 2782 340 2849 Ciris
355 2784 455 2849 edest:
478 2805 534 2849 sue
548 2804 702 2872 quemque
715 2787 832 2871 premit
845 2786 973 2851 terroris
985 2784 1101 2872 imego.

254 2886 315 2953 Ille
328 2910 438 2953 senum
452 2889 565 2966 vultus,
576 2890 728 2976 juvenum
742 2889 829 2956 videt
841 2889 894 2955 ille
907 2890 1042 2977 figurese

167 2992 232 3057 775
257 2991 357 3058 Hunc
371 2994 493 3082 agitent
507 2994 580 3060 totis
593 2993 730 3061 fleterne
743 2993 898 3061 oedesere
910 2995 1045 3061 somnies

253 3099 386 3166 Pectore
400 3100 434 3165 in
448 3098 509 3165 hoo
524 3112 612 3185 peter
626 3113 682 3179 eet,
705 3122 816 3165 omnes
829 3102 863 3165 in
879 3101 1007 3165 Cresere
1020 3119 1139 3164 menes.
1175 3150 1178 3159 .

251 3207 352 3274 Heud
366 3206 443 3273 elios
458 3206 600 3273 nondum
617 3206 764 3295 Scythice
777 3221 930 3296 purgetne
944 3208 978 3271 in
992 3228 1048 3271 ere

251 3312 465 3378 Eumenidum
480 3312 558 3377 vidit
571 3312 675 3378 vultus
690 3312 851 3399 Pelopeus
864 3314 1010 3379 Orestes:

250 3417 319 3482 Nec
333 3417 434 3503 megis
448 3416 597 3481 attonitos
610 3417 708 3481 enimi
719 3438 845 3482 sensere
858 3415 1023 3493 tumultus,

163 3526 229 3591 780
252 3522 336 3588 Cum
349 3520 467 3586 firreret
482 3519 655 3597 Pentheum
670 3533 726 3587 eut
739 3542 812 3589 cum
826 3519 954 3587 desisset
969 3521 1089 3609 Agere.

138 3765 182 3815 at,
198 3767 300 3821 qunque
315 3752 385 3801 nobis
402 3752 505 3801 victorin
513 3752 569 3817 jure
584 3751 690 3803 debetrrr.
722 3755 814 3816 omnis,
825 3770 875 3804 non
885 3764 967 3803 tsmen
983 3755 1103 3816 putsbnnt
1116 3748 1216 3814 mamis
1224 3762 1277 3797 me-

140 3832 278 3889 Pretribss
294 3830 692 3894 poumueujoevemuvoeem
723 3834 775 3883 ritis
786 3834 935 3896 moenere
968 3832 1075 3882 Grotius.

139 3918 206 3982 prior
213 3911 307 3963 Lnoeoi
317 3910 390 3959 editio
400 3911 498 3960 hebuit:
511 3914 551 3961 δίο
560 3913 690 3977 miiitejns·
757 3920 813 3965 760.
829 3942 895 3955 -·-
915 3919 1070 3971 Quedeeuro
1084 3908 1168 3977 repit}
1186 3907 1278 3966 Cmtrs,

14 4002 16 4011 ’
140 4016 174 4055 eu,
192 3993 257 4060 qued
270 3991 345 4041 Meet
356 3998 480 4039 testentur.
501 3991 608 4040 Grotius.
626 3990 693 4055 Iege
724 4008 775 4041 non
787 3994 899 4043 Romsm.
932 3994 1037 4042 Grotius.

141 4074 262 4125 &coriliso
273 4069 342 4131 jusso
360 4066 445 4133 (olere
460 4082 530 4116 versu
550 4066 641 4132 deleto)
658 4071 693 4119 s'se
757 4074 813 4121 768.
829 4074 973 4133 Ingemuisse
985 4079 1055 4133 putes
1070 4082 1168 4129 werpes,
1179 4075 1278 4114 terreor

139 4147 356 4217 mandabo
388 4145 693 4197 uvimxliv.e.1²msere
747 4188 750 4198 ,
855 4157 1029 4213 quemme

140 4234 243 4285 dimum,
263 4234 408 4275 mmm
426 4224 494 4289 jusso
513 4224 590 4274 milite
613 4242 693 4275 secum
823 4228 955 4290 Inspirasse
976 4222 1088 4288 animm]
1118 4220 1212 4269 Omnes
1228 4220 1282 4267 fere

137 4310 217 4375 fisse,
236 4314 314 4355 cedro
324 4305 400 4351 morit.
724 4304 817 4355 codices
840 4308 933 4355 ΝΜ.
959 4319 1017 4353 mox
1043 4300 1136 4363 corrige
1163 4300 1281 4348 Neocretes

173 4390 230 4436 75⁴.
247 4408 313 4421 -
322 4380 464 4447 Inpleruur]
478 4378 517 4430 Its
523 4380 609 4429 rectius
619 4394 693 4444 quem
725 4386 856 4446 respirem
866 4384 966 4433 mnes
978 4377 1093 4443 Virg.rii.
1103 4380 1160 4425 351.

141 4464 252 4527 s'sspisoit.
282 4459 328 4507 Est
335 4458 401 4507 enim
413 4458 439 4506 in
451 4460 497 4507 hoe
507 4475 575 4509 uersu
586 4458 694 4521 expletus
728 4514 733 4523 Ι
866 4496 871 4505 .

139 4554 229 4591 nm
262 4538 369 4587 Grotius.

170 4622 228 4669 757.
243 4619 275 4667 Ut
285 4616 404 4683 repient]
415 4616 532 4675 Quemvis
539 4616 632 4681 repient
642 4614 694 4663 hee
759 4602 816 4648 ⁷⁸⁰·
841 4622 907 4637 ·“·
923 4596 976 4646 ΑΝ
991 4611 1047 4645 “m
1068 4594 1161 4645 dmm
1183 4586 1282 4654 Ami

693 4696 718 4746 U
735 4711 753 4745 u
