3092 5309
206 580 279 649 384
519 564 575 638 Μ.
611 560 811 639 ANNAEI
844 560 1074 641 LUCANI

321 780 379 847 Fst
392 778 481 857 mihi,
496 790 569 845 sunt
578 780 664 855 nsti3
686 777 831 845 dedimus
847 790 895 844 tot
907 778 1043 868 pignora
1054 780 1134 849 fatis.

323 890 456 957 Civiline
469 910 581 976 perum
596 900 643 955 est
656 888 749 969 bello,
766 890 791 954 si
806 912 929 977 meque,
944 912 1091 977 meosque

323 990 473 1061 obruat?
494 995 619 1081 exiguae
630 992 731 1059 cledes
746 1015 862 1072 sumus,
877 994 954 1059 orbe
967 994 1112 1061 remoto?

235 1112 297 1173 665
321 1103 441 1171 Omnia
454 1104 528 1191 quid
544 1101 685 1169 laceras?
706 1104 782 1189 quid
795 1104 928 1189 perdere
941 1117 1055 1170 msncm
1067 1106 1215 1173 laboras?

321 1209 395 1276 Jem
410 1208 488 1273 nihil
501 1220 558 1285 est,
575 1208 728 1286 Fortuna,
744 1229 860 1273 meum.
882 1208 927 1271 sic
939 1206 1039 1273 fanus
1061 1220 1093 1273 et
1106 1232 1207 1289 mma,

325 1313 494 1401 Signaque,
510 1325 541 1377 et
555 1310 683 1375 afflictas
697 1312 785 1375 omni
794 1312 860 1396 jam
875 1324 965 1397 parte
978 1324 1118 1379 meras

325 1416 455 1492 Circuit,
471 1428 503 1479 et
516 1426 641 1481 revocat
654 1426 779 1479 matrum
791 1416 825 1477 in
839 1414 903 1480 fate
916 1429 1053 1495 ruentes,

324 1520 427 1607 Seque
440 1531 535 1608 neget
548 1520 636 1583 tanti.
659 1540 717 1583 nec
731 1518 840 1584 deerat
855 1519 952 1585 robur
966 1520 1000 1584 in
1014 1542 1103 1587 enses

239 1625 303 1688 670
325 1622 377 1689 Ire
391 1622 473 1699 duci,
484 1621 657 1709 juguloque
666 1622 742 1708 peti,
757 1622 806 1687 vel
816 1636 943 1707 pectore
957 1622 1071 1689 letum:

326 1726 390 1791 Sed
405 1726 509 1790 timuit
522 1736 619 1791 strato
633 1724 721 1789 miles
735 1748 777 1789 ne
790 1748 923 1811 corpore
939 1726 1054 1815 Magni

326 1830 402 1895 Non
416 1828 547 1919 fugeret,
562 1850 717 1916 supraque
731 1830 845 1896 ducem
859 1832 1080 1916 procumberet
1092 1832 1197 1898 orbis:

281 1950 285 1959 '
324 1940 458 2006 Caesaris
471 1951 526 2005 aut
539 1940 637 2005 oeulis
650 1941 749 2006 voluit
763 1942 936 2008 subducere
950 1959 1094 2008 mortem.

327 2044 554 2132 Nequidquam.
569 2044 687 2123 infelix,
703 2068 812 2111 socero
825 2060 964 2133 spectare
977 2048 1093 2113 volenti

242 2154 305 2217 67⁵
328 2150 547 2217 Praestandurn
562 2162 608 2215 est
621 2150 801 2237 ubicunque
815 2165 918 2239 ceput
941 2154 996 2217 sed
1010 2165 1047 2219 tu
1061 2175 1187 2241 quoque
1200 2154 1331 2243 conjux,

329 2254 433 2321 Causa
447 2254 540 2343 fuga,
555 2254 720 2342 vultusque
734 2256 801 2320 tui:
822 2256 955 2343 fatisque
967 2258 1136 2343 probatum

328 2360 379 2425 Te
392 2372 546 2446 praesente
559 2360 650 2423 mori.
694 2358 789 2425 Tunc
805 2359 961 2449 Magnum
975 2362 1116 2427 concitus
1129 2360 1232 2427 aufert

330 2463 362 2530 A
377 2462 460 2527 bello
475 2464 607 2549 sonipes,
623 2484 688 2527 non
703 2474 794 2551 tergo
808 2465 869 2529 teln
882 2476 1057 2550 paventem,

219 2596 222 2603 ⁴
330 2568 551 2657 Ingenteisque
565 2568 685 2633 animos
699 2579 840 2633 extreme
853 2570 887 2633 in
901 2569 965 2637 ieta
977 2570 1137 2637 serentem.

244 2681 309 2742 680
331 2673 405 2738 Νοιι
422 2672 565 2761 gemitus,
581 2694 646 2737 non
660 2672 750 2737 denus
765 2684 842 2751 erat,
859 2674 1004 2761 salveque
1018 2676 1171 2741 verendus

332 2776 502 2864 Majestste
513 2774 616 2854 dolor,
631 2776 754 2862 qualem
769 2790 811 2854 te,
829 2776 958 2865 Magne,
974 2780 1106 2845 decebat

333 2881 487 2947 Romanis
500 2892 649 2966 proestare
662 2881 760 2945 melis.
787 2903 852 2946 non
867 2883 987 2968 impare
1001 2884 1089 2949 vultu

332 2986 456 3071 Aspicis
471 2983 668 3049 Emathiam:
693 3006 751 3049 nec
764 2994 797 3049 te
810 2984 918 3051 videre
931 2988 1101 3073 superbum

331 3090 486 3175 Prospere
500 3088 663 3165 bellorum,
679 3108 737 3153 nec
752 3088 885 3155 hemum
899 3090 1029 3157 adversa
1042 3092 1202 3157 videbunt

219 3270 222 3277 ¹
248 3202 310 3261 685
335 3195 504 3281 Quamque
517 3190 576 3258 fuit
589 3192 664 3257 leto
673 3213 730 3278 per
744 3192 818 3257 treis
832 3192 932 3258 infide
946 3194 1132 3281 triumphos,

334 3300 418 3365 Tam
433 3300 547 3363 misero
562 3296 704 3362 Fortuna
716 3297 830 3361 minor.
848 3298 916 3382 jam
930 3299 1071 3384 pondere
1084 3298 1140 3364 fati

334 3403 491 3489 Deposito
505 3422 631 3467 securus
646 3399 729 3465 abis:
751 3421 837 3465 nunc
852 3413 994 3488 tempore
1008 3403 1082 3468 loeta

336 3507 521 3593 Respexisse
535 3518 646 3571 vacet:
666 3526 735 3590 spes
749 3526 913 3593 nunquam
927 3506 1087 3593 implenda
1100 3506 1241 3571 recessit:

336 3610 424 3687 Quid
437 3609 531 3673 fureris
545 3628 631 3675 nunc
644 3608 722 3673 scire
737 3608 818 3674 licet.
846 3609 920 3698 iuge
932 3610 1042 3697 proelin
1055 3609 1136 3688 dira,

251 3724 314 3783 690
337 3715 387 3779 Ac
401 3726 513 3779 testem
529 3712 625 3790 Deos,
641 3712 761 3777 nullum
776 3714 830 3801 qui
844 3728 961 3800 perstet
973 3717 1007 3780 iu
1019 3716 1123 3792 ermis,

335 3818 408 3885 dam
424 3816 492 3891 tibi,
509 3812 640 3903 Magne,
656 3817 753 3881 mori:
777 3838 834 3883 ceu
847 3818 957 3884 flebilis
972 3818 1080 3885 Africa
1090 3816 1225 3893 demnis,

338 3930 382 3996 Et
395 3950 453 3993 ceu
469 3924 595 3990 Munda
609 3948 734 4004 nocens,
751 3926 932 4016 Pharioque
945 3952 965 3994 a
978 3930 1104 4018 gurgite
1117 3926 1231 4004 clndes,

341 4034 394 4101 Sic
408 4046 441 4097 et
454 4028 645 4097 Thessalicae
659 4040 730 4117 post
745 4042 777 4095 te
790 4054 863 4119 pars
877 4034 1016 4099 maxima
1028 4056 1156 4121 pugnes.

263 4236 320 4287 tto.
334 4233 652 4299 -Fass'sqeeprotesem
844 4236 978 4283 osasica
994 4236 1366 4295 nemeaepouepersm

332 4318 364 4365 Te
378 4325 493 4378 prasente
509 4314 587 4379 mort]
603 4312 682 4361 Miror
703 4312 780 4361 MSS.
810 4316 857 4361 tae
865 4312 972 4377 pragae]
983 4312 1064 4376 Major
1071 4326 1125 4373 pers
1132 4310 1207 4359 eladis
1218 4308 1369 4357 '1th

231 4411 314 4447 omnes
324 4395 416 4449 bebere
421 4394 527 4456 satisque
537 4404 652 4455 segetum,
663 4391 727 4454 quud
744 4390 779 4438 sei
814 4390 892 4438 uenit
901 4390 1000 4439 stem
1007 4390 1060 4452 jeus
1073 4389 1201 4451 Pompeio:
1217 4386 1322 4449 ideoque
1330 4385 1371 4433 illi

231 4473 384 4523 monadum.
428 4470 498 4519 rose
529 4468 647 4530 scripserit
668 4468 780 4516 Lucanus
814 4482 865 4515 non
883 4466 960 4529 msps
976 4468 1089 4530 imputari
1105 4476 1188 4529 potest,
1211 4480 1287 4529 quam
1310 4478 1370 4528 qn·

231 4561 344 4613 segetum,
361 4556 390 4595 ut
402 4546 488 4595 sllusic
505 4545 532 4595 ts
542 4545 572 4595 sd
583 4546 665 4611 legum
677 4545 782 4609 segatio·
814 4559 867 4613 post
877 4558 978 4597 mortem
996 4549 1070 4611 ipsius
1080 4549 1223 4599 scddeunt.
1257 4545 1370 4595 Grotius.

232 4642 282 4677 nes.
316 4624 421 4675 Grotius.
847 4630 902 4677 705.
914 4622 988 4677 Crede
998 4627 1080 4695 Dela]
1091 4622 1371 4691 Pupnnuintsdso·
