3092 5309
432 607 787 690 PHARSALIAE
822 606 934 685 LIB.
961 607 1012 686 X.
1233 625 1306 691 443

260 828 356 900 Ense
370 853 440 912 suo,
454 831 620 920 fratrisque
634 829 725 897 simul
739 829 860 896 cervice
872 838 984 915 parata

257 935 462 1023 Expectasse
475 949 607 1023 patrem.
622 945 740 1024 cogunt
754 947 861 1000 tamen
874 933 986 999 ultima
999 953 1107 1000 rerum

261 1042 369 1127 Spem
385 1041 470 1127 pacis
485 1051 606 1106 tentare
618 1040 750 1105 ducem:
767 1040 940 1125 missusque
953 1037 1073 1104 satelles

258 1145 400 1235 Regius,
416 1157 452 1212 ut
466 1167 564 1210 saeros
577 1143 713 1208 absentis
726 1165 805 1210 voce
821 1143 947 1232 tyranni

165 1249 234 1314 470
259 1249 454 1336 Corriperet
467 1248 609 1326 summos,
620 1271 684 1335 quo
697 1247 813 1313 bellum
829 1258 957 1313 sunere
970 1259 1145 1315 moverent.

259 1355 330 1422 Sed
347 1375 451 1442 neque
459 1357 513 1442 jus
527 1353 639 1420 mundi
653 1352 759 1424 valuit,
781 1374 885 1439 neque
897 1352 1020 1418 ioedera
1032 1363 1144 1420 sancta

259 1459 448 1526 Gentibus:
471 1468 579 1524 orator
593 1459 687 1546 regis,
702 1457 851 1544 pacisque
862 1469 1031 1544 sequester,

257 1569 420 1636 AEstimat
433 1570 467 1635 in
482 1591 616 1635 numero
626 1568 779 1634 scelerum
791 1567 942 1654 ponenda
956 1580 1094 1647 tuorum,

259 1675 335 1742 Tot
351 1675 498 1742 monstris
513 1673 655 1762 AEgypte
669 1695 798 1740 nocens.
813 1696 879 1739 non
895 1673 1048 1738 Thessala
1064 1671 1169 1751 tellus,
1236 1735 1241 1746 ,

164 1781 234 1846 475
259 1779 428 1868 Vastaque
442 1801 541 1870 regna
554 1779 657 1858 Juboe,
673 1800 739 1844 non
755 1779 890 1857 Pontus,
904 1790 937 1847 ct
946 1779 1044 1865 impia
1058 1778 1149 1866 dgna

260 1885 443 1952 Pharnacis
458 1898 490 1950 et
503 1884 607 1974 gelido
622 1883 823 1951 circumfluus
836 1883 922 1948 orbis
936 1883 1031 1948 Ibero

262 1987 415 2056 Tantum
429 2012 522 2055 susus
536 1987 699 2067 scelerum,
715 2010 782 2053 non
799 1989 898 2076 Syrtis
911 1987 1059 2067 barbara,
1074 1997 1229 2074 quantum

262 2095 401 2162 Delitiae
411 2094 512 2160 fecere
524 2105 598 2159 tuae.
614 2093 730 2179 premit
745 2092 886 2181 undique
898 2091 1030 2170 bellum,
1100 2138 1103 2149 .

263 2200 373 2287 Inque
382 2199 514 2264 domum
523 2200 591 2284 jam
606 2197 669 2263 tela
682 2197 812 2278 cadum,
828 2207 1038 2285 quassantque
1050 2205 1190 2282 penates.

170 2309 240 2368 480
264 2303 349 2370 Non
364 2304 444 2368 eries
459 2324 525 2368 uno
538 2315 681 2368 moturus
696 2303 806 2368 limina
819 2302 924 2389 pulsu,

266 2409 504 2496 Fracturusque
518 2407 649 2474 domum
663 2432 671 2485 ;
692 2429 758 2473 non
772 2407 839 2474 ulls
852 2419 899 2472 est
911 2406 1059 2472 machina
1069 2403 1162 2471 belli:

261 2513 338 2582 Nee
351 2513 486 2579 llanrmis
501 2511 668 2578 mandatur
683 2535 779 2599 opus:
803 2511 858 2577 sed
873 2533 958 2577 caca
966 2511 1116 2598 juventus

267 2617 412 2696 Consilii,
428 2628 532 2684 vastos
546 2616 644 2682 ambit
658 2616 757 2682 divisa
770 2630 911 2704 penates,

264 2721 313 2790 Et
326 2743 481 2809 nusquam
495 2723 569 2789 totis
583 2722 720 2788 incursat
730 2723 849 2788 viribus
863 2741 988 2812 agmen.

175 2835 242 2894 485
269 2829 352 2894 Fata
365 2839 484 2906 vetant,
500 2828 644 2915 murique
659 2829 758 2892 vicem
772 2827 901 2894 fortuna
910 2840 1026 2895 tuetur.

269 2933 407 2999 Necnon
418 2945 451 2998 et
463 2932 581 2998 ratibus
595 2943 734 2998 tentatur
748 2934 846 3023 regia,
862 2955 923 3020 qua
939 2955 973 2998 se

268 3035 406 3102 Protulit
419 3037 455 3100 iu
468 3035 589 3102 medios
602 3035 714 3102 audaci
728 3039 872 3126 margine
884 3037 999 3103 fluctus

268 3139 451 3206 Luxuriosa
464 3139 586 3205 domus.
620 3139 675 3206 sed
690 3139 779 3206 adest
793 3141 938 3208 defensor
949 3141 1067 3227 ubique

153 3256 154 3259 ’
271 3245 392 3325 Caesar,
406 3242 511 3311 ethos
525 3245 629 3311 aditus
642 3245 766 3334 gladiis,
782 3246 841 3310 hos
855 3246 983 3335 ignibus
996 3255 1103 3311 arcet:

173 3357 242 3416 490
266 3349 481 3438 Obsessusque
493 3351 575 3439 gerit
590 3353 692 3438 (tanta
705 3361 752 3416 est
766 3351 942 3417 constantia
956 3350 1084 3432 mentis)

269 3455 494 3546 Expugnantis
508 3477 597 3542 opus.
619 3457 711 3542 piceo
720 3455 812 3541 jubet
824 3457 966 3545 unguine
983 3454 1097 3522 tinem

270 3559 452 3647 Lampadas
465 3561 591 3626 immitti
597 3561 715 3647 junctis
729 3562 764 3625 in
778 3558 863 3627 bella
876 3561 1000 3626 4441414.

266 3664 336 3732 Nec
349 3666 441 3756 piger
454 3667 536 3756 ignis
550 3677 617 3732 erat
632 3689 688 3752 per
703 3677 836 3753 stuppea
848 3666 986 3745 vincula,
1001 3687 1122 3755 perque

270 3767 442 3836 Manantes
456 3792 529 3835 cera
544 3770 678 3836 tabulas:
701 3783 733 3836 et
748 3784 891 3858 tempore
905 3771 1017 3838 eodem

181 3878 247 3939 496
270 3871 487 3961 Transtraque
501 3885 669 3941 nautarum
684 3876 861 3963 summique
875 3898 979 3942 arsere
993 3873 1132 3941 cerucbi.

271 3984 344 4052 Jam
358 4008 460 4073 prope
474 3999 618 4053 semustoe
633 4003 822 4077 merguntur
834 3989 869 4053 in
880 4010 1009 4075 sequere
1021 3987 1147 4063 4144444,

267 4089 403 4178 Jamque
416 4089 531 4171 hostes,
546 4103 579 4158 et
592 4093 654 4157 tels
668 4105 789 4160 netem.
804 4115 863 4158 nec
878 4092 1038 4179 puppibus
1051 4089 1134 4180 ignis

270 4194 422 4262 Incubuit
431 4196 528 4262 'solist
551 4195 605 4263 sed
616 4197 688 4284 quae
703 4197 806 4262 vicina
819 4196 907 4263 fuere

269 4299 371 4368 Tecta
384 4303 465 4367 meri
478 4301 583 4392 longis
594 4323 727 4388 rapuere
740 4301 910 4390 vaporibus
924 4303 1051 4392 ignem:

185 4413 249 4473 600
272 4405 316 4472 Et
330 4405 454 4474 cladem
467 4405 573 4474 favere
587 4407 678 4489 Noti,
693 4429 903 4498 pernumque
915 4407 1044 4475 flamma

160 4607 259 4672 jetwn,
278 4611 325 4662 Res
346 4613 455 4669 minima,
468 4619 510 4661 aut
527 4613 576 4663 Res
595 4613 653 4664 imo.
686 4613 720 4663 Et
752 4621 838 4678 gentes
860 4608 996 4660 maximum
1016 4617 1053 4659 eat
1076 4605 1164 4658 scelos:
1182 4601 1225 4652 4441
1240 4600 1306 4649 inter

164 4684 199 4735 sis
209 4701 305 4752 quoque
321 4689 412 4754 aliquid
420 4688 616 4740 subaudiendum
631 4699 674 4750 ast,
691 4699 720 4740 ut
754 4690 856 4758 AEgypti
881 4691 972 4741 melan
986 4689 1124 4739 minimum.
1155 4685 1242 4734 Exstat
1256 4680 1307 4729 bis·

170 4777 252 4814 'mm
272 4764 311 4824 1114
333 4765 446 4832 Lessfltu't.
466 4768 560 4819 occisus
576 4769 642 4833 apud
659 4767 719 4818 41144
751 4771 845 4821 toriain
856 4771 919 4821 libro
929 4769 1032 4820 debessc
1042 4763 1216 4822 alumnus.
1233 4758 1312 4811 uniat
1335 4819 1340 4824 .

280 4901 288 4940 1
