3092 5309
412 516 767 599 PHARSALIAE
803 517 912 594 LIB.
947 517 999 594 X.

245 748 482 832 Brutorumque
495 742 554 810 tibi
565 741 715 810 tribuent.
738 762 804 808 non
818 739 922 806 lentus
935 739 1076 806 Achillas

251 851 403 920 Suadenti
417 867 529 936 perere
538 846 634 914 nefas
649 845 737 914 hsud
752 845 838 913 clnrs
853 845 1031 925 movendis,

1200 525 1266 592 441

162 973 228 1032 400
250 963 300 1030 Ut
313 983 394 1041 mos,
416 960 506 1049 signs
519 958 608 1024 dedit
622 957 740 1036 castris,
763 979 824 1022 nec
835 956 977 1043 prodidit
990 978 1081 1023 urnis
1204 979 1209 987 ·

251 1066 357 1134 Ullius
371 1063 519 1153 clangore
531 1063 616 1128 tuboe
630 1085 638 1127 ε
659 1073 777 1128 temere
786 1062 895 1128 omniu
904 1063 982 1130 mvi

152 1257 157 1264 ι
250 1171 464 1237 lnsmmenu
479 1167 563 1254 repit
576 1166 658 1232 belli.
680 1189 753 1253 pers
767 1168 907 1232 maxime
920 1167 1023 1232 turbae

248 1275 353 1341 Plebis
366 1286 434 1340 erut
450 1272 571 1338 Iactioe:
595 1271 650 1338 sed
664 1284 753 1338 tenta
767 1272 884 1337 oblivio
898 1285 1030 1351 mentes,

248 1379 352 1467 Cepit,
376 1381 410 1444 in
421 1388 567 1444 externos
581 1388 733 1464 corrupto
746 1375 848 1444 milite
860 1396 975 1455 mores,

161 1493 226 1553 405
251 1487 301 1554 Ut
314 1487 395 1552 duce
409 1485 468 1552 sub
479 1484 610 1562 stmulo,
628 1485 780 1573 jussuque
793 1484 932 1550 sutellitis
945 1484 1038 1561 irent,

251 1592 343 1671 Quos
354 1602 421 1657 erut
434 1588 605 1679 indignum
618 1587 738 1656 Pbsrio
751 1609 864 1676 perere
878 1601 1024 1677 tyranno

249 1697 348 1765 Nullo
361 1696 449 1775 fides,
471 1698 634 1783 pietasque
647 1696 732 1775 viris,
755 1697 811 1783 qui
825 1707 929 1762 casm
943 1703 1131 1782 sequuntur,

248 1803 446 1889 Venalesque
460 1821 589 1866 munus:
612 1800 657 1865 ibi
671 1799 729 1878 iss,
754 1801 810 1866 ubi
823 1800 964 1865 maximo
978 1821 1114 1864 meroes:

251 1907 333 1973 AEre
346 1916 469 1972 merent
482 1923 600 1990 perro:
619 1904 830 1992 jugulumque
843 1905 878 1968 in
894 1903 1029 1969 Coesuris
1042 1903 1090 1967 ire

161 2021 229 2080 410
252 2013 329 2079 Non
343 2011 402 2076 sibi
413 1991 500 2076 'dunt
524 2031 584 2096 pro
597 2008 644 2074 fos
658 2007 665 2073 l
690 2008 746 2074 ubi
760 2029 827 2074 non
840 2009 944 2074 cicilie
957 2008 1041 2074 bellu

249 2117 376 2184 Invenit
389 2114 514 2201 imperii
528 2113 628 2180 fotum
642 2113 820 2180 miserabile
834 2112 959 2179 nostri?

251 2219 425 2288 'lbessoliae
440 2207 594 2283 subducte
608 2219 689 2282 scies
704 2219 737 2284 in
752 2218 859 2283 littore
872 2217 941 2282 Nili

251 2325 348 2392 More
361 2323 438 2390 furit
452 2323 566 2409 petrio-
588 2321 664 2410 quid
680 2322 749 2409 plus
763 2335 807 2401 te,
832 2322 965 2412 Magne,
988 2333 1116 2407 recepto

253 2431 342 2498 Auso
356 2427 438 2494 foret
455 2427 565 2518 Lagea
579 2426 718 2494 domus?
740 2427 799 2494 dut
811 2426 930 2492 scilicet
942 2428 1047 2493 omnis
1063 2428 1067 2438 '

163 2544 230 2603 415
255 2535 409 2618 Dextera,
432 2531 520 2620 quod
534 2533 628 2600 debet
648 2534 797 2620 Superis:
818 2533 960 2622 nullique
973 2555 1086 2600 vocure

253 2640 316 2706 Fes
328 2650 375 2706 est
386 2637 545 2704 Romano.
588 2638 718 2704 Latium
732 2639 778 2704 sic
791 2638 934 2704 scindere
948 2661 1063 2727 corpus

253 2744 326 2810 Diis
340 2742 510 2829 plscitnmc
533 2763 599 2807 non
614 2743 648 2806 in
662 2743 782 2830 generi,
805 2744 966 2831 socerique
979 2744 1118 2810 furorem

252 2848 432 2915 Discedunt
445 2846 563 2934 populi
585 2847 691 2912 civilia
702 2847 787 2913 bellu
799 2849 919 2914 satelles

253 2949 371 3031 Movit,
388 2965 420 3018 et
430 2953 465 3016 in
478 2963 602 3038 purtem
619 2952 799 3018 Romanum
814 2955 900 3018 venit
915 2951 1063 3019 Achilles

162 3066 231 3126 420
254 3058 299 3125 Et
312 3058 373 3122 nisi
388 3056 452 3122 lete
465 3077 578 3122 munus
595 3079 615 3122 s
630 3059 786 3146 sunguine
797 3057 930 3124 Coesuris
942 3071 1060 3136 arcent,

256 3158 324 3229 Hae
338 3162 465 3226 vincent
478 3169 593 3246 partes.
616 3161 727 3226 aderet
742 3173 885 3227 moturus
898 3176 1050 3249 uterque:

254 3267 299 3332 Et
312 3265 454 3332 disuicts
468 3263 569 3350 epulis
584 3262 627 3329 sd
641 3275 770 3330 cunctas
784 3264 857 3330 ude
870 3265 999 3350 petebat

259 3371 410 3438 Insidias:
435 3381 623 3456 poteratque
638 3389 733 3434 cruor
746 3391 805 3454 per
812 3369 907 3458 ‘regis
919 3368 1012 3434 fundi

259 3475 380 3544 Poculu
396 3477 569 3554 Caesareus,
592 3497 771 3562 mensaeque
783 3476 968 3542 incumbere
979 3477 1096 3545 cervix.
1204 3466 1207 3476 ¹

169 3591 238 3650 425
262 3582 327 3650 Sed
341 3593 488 3648 metuunt
502 3581 577 3647 belli
591 3581 731 3667 trepidos
746 3582 781 3646 in
793 3594 889 3648 nocte
902 3582 1066 3662 tumultus,

260 3694 311 3759 Ne
324 3693 426 3760 credes
440 3691 570 3758 confuse
583 3712 691 3770 manu,
714 3693 930 3782 permissuque
944 3692 1017 3759 bris

252 3797 325 3877 Te,
337 3796 520 3876 Ptolemcee,
543 3796 657 3862 trehet.
680 3809 768 3862 tuoto
783 3813 830 3863 est
843 3799 960 3864 liducio
973 3799 1058 3864 ferri.

257 3901 332 3967 Non
348 3923 482 3988 rapuere
497 3900 603 3990 nqlss:
626 3902 740 3965 summi
756 3915 916 3982 contemta
925 3903 1056 3969 facultas

256 4003 315 4070 Est
329 4006 453 4091 operis:
476 4005 713 4072 visunrlsmulis
728 4009 906 4094 reparabile
919 4009 1086 4086 domnum,

170 4117 238 4175 430
261 4109 352 4178 Illum
367 4111 526 4176 mactandi
541 4113 700 4178 dimittere
716 4111 852 4179 Caesuris
865 4114 988 4179 horem.

171 4305 382 4352 menime·
392 4310 475 4352 rom
485 4319 537 4350 suno
546 4319 599 4350 runs.
739 4315 863 4364 emaum
879 4321 904 4363 et
915 4314 1050 4364 Brutorum
1069 4311 1175 4383 tribuum
1191 4311 1236 4361 ubi
1252 4327 1293 4363 m·

180 4425 238 4472 597.
255 4447 320 4460 --
336 4425 421 4485 Superi
431 4431 463 4472 tot
478 4432 529 4472 notu
548 4425 671 4478 Colossis.
736 4408 813 4458 ΡΜ·
835 4393 907 4441 (Μὰ

248 4503 428 4564 momenque
445 4503 489 4550 tibr'
513 4499 635 4566 tribuent]
652 4499 705 4551 Re-
939 4483 1204 4527 mmmm

23 4549 24 4554 ¹
152 4589 217 4640 ponc
234 4593 263 4628 cr
284 4577 340 4628 eliis
352 4578 479 4640 codicibus,
501 4583 610 4645 Superos.
643 4579 710 4629 Vots
743 4577 935 4629 Nosteriii125.

689 4717 707 4762 3
719 4709 745 4760 K
