3092 5309
466 621 828 700 PHARSALIAE
866 621 975 698 Llu
1000 621 1048 698 x
1253 631 1328 696 res

306 835 349 902 Et
363 836 450 916 ritus,
465 835 646 924 formasque
659 835 784 902 Deum:
808 835 1021 923 quodcunque
1031 833 1163 902 uetustis

222 949 290 1008 180·
305 941 502 1029 Insculptum
517 957 563 1010 est
577 943 678 1031 adytis
691 941 810 1030 profer,
826 942 977 1029 noscique
991 942 1131 1008 volentes

307 1047 414 1114 Prode
427 1049 524 1114 Deos.
547 1049 573 1113 si
586 1047 776 1134 Cecropium
790 1071 848 1113 sua
861 1069 950 1114 sucro
965 1047 1131 1113 Platonem

308 1151 449 1240 Mq’ores
463 1153 600 1220 docuere
614 1153 681 1218 tui:
703 1153 773 1240 quis
788 1153 917 1242 dignior
924 1173 1066 1240 unquam

308 1256 385 1323 Hoc
400 1256 593 1335 tritanum,
609 1255 783 1343 mundique
796 1258 945 1344 capacior
954 1255 1094 1343 hospes?

310 1365 410 1433 Fama
423 1367 550 1456 quidem
565 1367 675 1456 generi
690 1365 824 1433 Pharias
838 1391 890 1432 me
903 1366 998 1434 duxit
1011 1366 1053 1432 nd
1067 1365 1173 1446 urbes,

224 1477 287 1536 185
311 1472 373 1538 Sed
383 1485 488 1538 tomen
504 1485 536 1558 et
550 1473 661 1538 vestri:
686 1472 791 1537 medin
805 1474 889 1539 inter
901 1473 1012 1560 proelis
1026 1495 1150 1559 semper

313 1575 491 1656 Stellarum,
507 1577 641 1664 ooelique
655 1577 766 1664 plagis,
792 1579 983 1666 Superisque
993 1578 1115 1656 vecari,

312 1681 380 1746 Neo
393 1704 482 1748 meus
498 1683 626 1748 Eudoxi
642 1684 786 1749 vincetur
797 1685 942 1750 Fastibus
956 1705 1067 1750 onnus.

311 1785 375 1853 Sed
390 1809 463 1852 cum
478 1799 566 1853 tonte
575 1811 646 1854 meo
661 1789 744 1855 vivet
758 1789 817 1854 sub
830 1802 958 1876 pectore
968 1791 1076 1868 virtus,

313 1890 436 1956 Taunus
451 1914 541 1957 emor
554 1894 632 1972 reri,
647 1893 726 1958 nihil
741 1893 887 1980 estquod
902 1915 1032 1962 noscere
1046 1893 1155 1961 malim

227 2001 292 2061 190
314 1995 421 2073 Quem
434 1996 522 2062 fluvii
536 2019 643 2064 causes
657 2020 715 2084 per
728 1998 832 2064 secula
845 2011 934 2064 tants
946 1997 1089 2078 latentes,

314 2100 528 2190 Ignotumque
542 2113 656 2190 caput:
680 2126 750 2190 spes
764 2104 805 2169 sit
818 2102 897 2168 mibi
908 2117 995 2170 certe
1002 2103 1131 2170 videndi

316 2205 456 2272 Niliacos
470 2206 590 2284 sontes3
612 2207 729 2282 bellum
744 2208 834 2274 civile
847 2207 1033 2296 relinquam.

314 2311 464 2391 Finierat,
481 2325 654 2400 contraque
668 2335 755 2378 sacer
768 2314 814 2379 sic
827 2336 916 2379 orsus
929 2313 1113 2379 Achoreus:

359 2417 421 2484 Fas
435 2416 514 2483 mihi
525 2439 722 2507 magnorum,
748 2418 866 2497 Coeser,
883 2431 1002 2483 secrete
1015 2427 1184 2504 parentum

230 2527 292 2590 195
315 2521 468 2602 Prodere,
484 2523 525 2588 ud
540 2522 603 2588 hoo
617 2523 676 2587 oeri
688 2523 812 2610 populis
822 2525 937 2613 ignote
947 2523 1097 2609 probnis.

318 2627 367 2695 Sit
380 2628 479 2716 pietas
494 2629 571 2708 aliis,
586 2629 737 2695 miracula
752 2640 841 2695 tonte
855 2629 964 2694 silere:

313 2737 375 2802 Ast
384 2757 445 2826 ego
459 2735 607 2802 coelicolis
621 2749 748 2825 gratum
764 2758 845 2814 reor,
861 2737 907 2800 ire
920 2757 979 2822 per
992 2757 1103 2800 omnes

316 2840 393 2907 Hoc
404 2863 494 2928 opus,
510 2853 542 2906 et
557 2863 659 2906 sacras
669 2841 793 2928 populis
807 2853 968 2906 notescere
981 2841 1077 2929 legoe.

313 2945 487 3026 Sideribus,
503 2969 575 3034 quae
590 2947 657 3011 sola
671 2945 779 3036 fugem
793 2943 999 3011 moderantur
1014 2942 1159 3032 Olympi,

226 3059 295 3118 200
318 3051 563 3139 Occurruntque
575 3051 661 3138 polo,
677 3051 801 3117 diverse
811 3051 953 3138 potentin
966 3044 1077 3137 primu¹

317 3157 435 3224 Mundi
449 3157 522 3247 lege
540 3157 614 3222 dete
623 3171 678 3223 est.
713 3157 767 3224 Sol
779 3170 922 3242 tempora
935 3155 1047 3221 dividit
1056 3155 1146 3232 anui,

318 3261 427 3328 Mutet
441 3275 534 3328 nocte
548 3262 643 3340 diem,
660 3260 818 3348 radiisque
831 3261 1013 3347 potentibus
1028 3273 1112 3325 estre
1269 3256 1273 3264 '

287 3431 294 3442 ,
319 3366 370 3433 Ire
384 3377 481 3446 vetet,
497 3388 666 3453 cursusque
680 3389 777 3455 vegos
791 3366 925 3432 statione
939 3377 1092 3430 moretur.
1197 3361 1200 3366 ’

319 3471 415 3537 Luna
429 3472 493 3536 suis
506 3471 626 3536 vicibus
640 3469 780 3558 Tethyn,
796 3481 983 3555 terrenaque
993 3469 1113 3532 miscet.
1223 3535 1227 3542 ,

232 3581 297 3640 205
322 3574 452 3664 Frigida
469 3575 607 3641 Saturno
617 3575 743 3665 glacies,
759 3586 792 3640 et
802 3595 883 3640 zone
896 3571 1007 3638 nivalis

322 3682 434 3748 Cessit.
449 3681 546 3748 habet
559 3695 679 3770 ventos,
696 3683 879 3770 incertoque
892 3680 1026 3746 fulmina
1040 3677 1182 3746 Mauors.

321 3787 390 3854 Sub
403 3788 484 3853 Jove
497 3788 673 3874 temperies,
688 3799 721 3853 et
735 3809 899 3874 nunquam
914 3786 1059 3852 turbidus
1072 3788 1139 3851 eir.

318 3893 365 3958 At
377 3890 514 3958 secundo
527 3892 637 3958 Venus
648 3903 831 3984 cunctarum
844 3893 963 3957 semine
978 3912 1085 3956 rerum

319 3997 471 4064 Possidet.
493 3999 655 4065 immensse
672 3998 834 4086 Cyllenius
848 4000 966 4064 arbiter
978 3995 1076 4062 uudoe
1089 4006 1146 4060 est.

231 4111 297 4170 210
320 4103 423 4170 Hunc
436 4103 492 4169 ubi
505 4125 579 4190 pnrs
595 4103 667 4170 ooeli
681 4105 796 4184 tenuit,
810 4125 873 4190 qus
885 4103 979 4168 miste
993 4101 1113 4166 Leonis
1174 4116 1180 4126 ’

284 4303 507 4351 rememoremur
514 4301 653 4342 menum
800 4303 892 4352 notun
902 4301 934 4351 (1ο
947 4298 1068 4364 11ηοορ
1082 4295 1196 4354 mdo
1219 4295 1257 4345 vir
1272 4295 1356 4346 meio

213 4390 255 4441 Sis
265 4397 290 4439 et
307 4387 457 4438 Columelle:
476 4392 672 4454 antiquorumque
681 4389 769 4455 sottus
800 4375 1267 4440 mmmbonllttwfldwssqulffl
1273 4389 1355 4424 rerum
1485 4426 1490 4432 ,

211 4470 385 4532 aurologorurr.
418 4467 453 4516 Et
472 4467 500 4518 in
524 4467 658 4518 Claudieuo
680 4469 769 4516 hebent
802 4463 976 4523 verborumque
986 4457 1124 4522 cognitione
1140 4454 1356 4504 commendabilior

212 4545 289 4596 MSS.
797 4539 920 4588 Gerendus
929 4537 1032 4588 Joounis
1042 4534 1152 4584 Vossius.
1177 4532 1283 4581 Grotius.

352 4634 411 4676 Inter
419 4635 599 4681 Arinthethmu.
829 4625 885 4668 206.
908 4645 975 4658 —
1000 4619 1079 4667 Halm
1104 4623 1188 4668 sertor,
1223 4615 1358 4674 turmaque

210 4709 281 4768 Hac,
292 4717 322 4760 ut
330 4709 408 4760 multo
417 4709 466 4760 elis
476 4709 605 4762 mwndire
615 4707 765 4764 eruditionis,
790 4695 900 4762 ,fulmina
911 4695 1026 4766 Mauors]
1042 4695 1109 4762 lage
1119 4694 1242 4746 Flamina.

739 4821 787 4872 51
