3092 5309
274 566 349 639 270
415 614 417 619 .
570 553 627 631 Μ.
656 552 862 631 ANNAEI
903 552 1134 633 LUCANI

382 751 613 839 Adscribatque
627 752 725 819 Deis:
749 752 850 842 fragili
864 754 1059 821 circumdata
1072 767 1152 823 teau

318 864 360 922 50
383 856 506 923 Moenia
517 857 670 925 mirentur
683 855 785 947 refugi
801 858 977 946 Babylonia
991 858 1112 925 Parthi.

381 960 434 1027 En
448 974 601 1048 quantum
616 962 732 1051 Tigris,
748 974 903 1051 quantum
916 964 998 1029 eeler
1012 964 1112 1030 ambit
1126 964 1276 1047 Orontu,

383 1066 519 1153 Assyriis
532 1079 686 1155 quantum
701 1068 827 1154 pupulis
841 1069 960 1135 telluris
974 1069 1055 1135 an

382 1169 505 1237 Sufficit
518 1172 552 1237 in
567 1194 717 1261 regnum,
732 1172 882 1253 subitum,
897 1173 1034 1261 bellique
1047 1174 1185 1241 tumultu

382 1274 523 1361 Raptum
537 1275 648 1343 clausit
662 1298 751 1363 opus.
774 1277 854 1341 uenti
868 1277 989 1364 periere
1003 1276 1134 1343 iabores.

319 1384 360 1445 55
383 1378 450 1445 Tot
463 1392 594 1466 potuere
607 1403 720 1449 manus
733 1380 905 1471 adjungere
920 1382 1033 1450 Seston
1047 1381 1176 1469 Abydo,

382 1482 572 1571 Ingestoque
587 1484 654 1549 solo
670 1483 854 1572 Phryxeum
868 1484 983 1550 elidere
996 1497 1141 1569 pontum.

382 1586 451 1653 Aut
466 1586 592 1675 Pelopis
606 1588 676 1653 latis
692 1588 844 1675 Ephyren
858 1588 1045 1673 abrumpere
1059 1590 1176 1679 regnis,

381 1690 425 1758 Et
439 1692 558 1758 ratibus
571 1692 677 1781 longre
690 1692 790 1757 flexus
804 1691 923 1757 donare
938 1691 1065 1770 Malea,

383 1796 450 1861 Aut
464 1796 600 1884 aliquem
610 1796 733 1875 mundi,
747 1797 888 1883 quamvis
903 1796 1027 1861 Natura
1040 1808 1192 1885 negasset,

318 1908 361 1966 60
384 1900 424 1966 In
438 1902 547 1968 melius
561 1918 684 1967 mutare
698 1902 812 1967 locum.
832 1901 896 1967 eoit
908 1923 983 1967 area
994 1901 1084 1968 belli:

384 2008 452 2075 Hic
467 2008 558 2075 alitur
573 2010 698 2099 sanguis
709 2022 808 2077 terras
820 2009 963 2075 fluxurus
976 2010 1011 2074 in
1024 2010 1155 2089 omneis,

384 2112 453 2179 Hic
467 2126 499 2182 et
513 2114 702 2181 Thessalicae
716 2114 830 2193 clades,
847 2115 1042 2202 Libyeoeque
1054 2126 1211 2181 tenentur.

381 2216 511 2285 AEstuat
525 2232 656 2309 anguste
671 2219 771 2285 rabies
786 2218 883 2285 civilis
897 2242 1002 2285 arena.

353 2314 355 2318 ¹
428 2323 536 2391 Prima
549 2326 678 2414 quidem
693 2350 823 2417 surgens
836 2350 968 2413 operum
983 2340 1139 2394 structura
1151 2328 1259 2396 fefellit

319 2434 362 2493 65
386 2429 591 2516 Pompeium:
614 2432 711 2497 veluti
724 2431 838 2497 medioe
852 2434 907 2519 qui
922 2445 1008 2497 tutas
1021 2432 1055 2496 in
1069 2432 1151 2497 arvia

386 2534 520 2601 sicaniae
535 2538 679 2623 rapidum
695 2539 795 2603 nescit
808 2538 922 2603 latrare
938 2538 1108 2603 Pelorum:

383 2638 452 2705 Aut
464 2662 547 2728 vaga
561 2663 634 2705 curn
648 2640 780 2729 Tethys,
797 2642 1021 2727 Rutupinaque
1035 2640 1143 2707 littora
1154 2639 1286 2720 ferrent,

288 2776 290 2783 ·
384 2742 483 2809 Unda
498 2743 685 2809 Caledonios
699 2743 778 2809 fallit
791 2745 917 2809 turbata
931 2744 1111 2809 Britannos.

383 2846 432 2915 Ut
446 2848 583 2935 primum
597 2860 684 2915 vasto
698 2860 800 2937 septas
814 2847 899 2914 videt
913 2870 1028 2937 aggere
1042 2860 1163 2927 terras3

320 2956 363 3017 70
385 2953 458 3039 Ipse
472 2974 597 3040 quoque
610 2976 630 3017 a
644 2964 712 3017 tuta
726 2952 885 3017 deducens
899 2954 1027 3042 agmina
1042 2952 1139 3018 Petra

382 3056 524 3123 Diversis
540 3058 657 3147 spargit
671 3056 812 3137 tumulis,
827 3070 864 3123 ut
880 3058 1013 3123 Gramris
1026 3080 1116 3123 arms

382 3160 498 3241 Laxet,
520 3175 552 3227 et
566 3160 663 3228 effuso
678 3160 876 3227 claudentem
890 3162 990 3228 milite
1011 3162 1141 3230 tendat:

383 3266 433 3333 Ac
449 3278 571 3333 tantum
587 3268 666 3353 septi
681 3266 762 3333 vallo
775 3266 834 3331 sibi
849 3266 995 3333 vendicat
1007 3268 1088 3356 agri,

381 3370 485 3437 Parva
500 3372 675 3461 Mycenaese
689 3384 843 3459 quantum
857 3385 978 3437 sacrm
992 3372 1109 3437 Dianre

319 3480 361 3542 75
384 3477 491 3545 Distat
504 3477 545 3542 ab
560 3478 683 3544 excelsa
696 3476 864 3542 nemoralis
875 3476 984 3542 Aricia
999 3476 1125 3542 Roma:

385 3582 522 3668 Quoque
535 3582 632 3648 modo
649 3582 763 3647 Romoe
777 3581 949 3669 praelapsus
962 3584 1081 3647 moenia
1095 3582 1213 3669 Tybris

385 3691 425 3757 In
441 3714 527 3758 mare
541 3692 711 3771 descendit,
735 3692 761 3757 ai
775 3714 929 3780 nusquam
943 3705 1089 3780 torqueat
1099 3714 1235 3758 amnem.

274 3890 353 3958 gant]
365 3890 447 3955 Megia
461 3890 537 3940 nitide
547 3890 742 3954 variequeeudex
754 3890 825 3941 Bers-
880 3888 1269 3943 &emmeramum

275 3968 368 4027 wel·
857 3976 982 4041 virginus
994 3976 1210 4030 aneensem.

296 4083 808 4135 nmmmfflmfflfflgmwg
880 4064 1299 4107 &mdffinmhlu-

295 4148 344 4189 Μ’
350 4156 484 4195 mm·
853 4158 920 4207 Tum
938 4164 1019 4205 autem
1030 4170 1074 4217 pro
1086 4156 1168 4217 Tanti,
1185 4164 1213 4204 ut
1228 4156 1331 4220 erigatur
1344 4166 1391 4199 sen·
1513 4109 1514 4184 l

304 4252 344 4299 54.
363 4252 470 4311 Ruptum
480 4250 564 4300 deurit
580 4266 644 4313 epus.
659 4254 721 4300 tanti
729 4255 822 4313 periere
854 4235 947 4293 “³⁶⁸3
958 4236 1152 4297 “imm
1513 4291 1514 4294 ,

271 4324 378 4391 usone]
401 4326 476 4374 Reate
497 4324 572 4375 sodex
598 4326 690 4391 Regius
716 4326 822 4377 CLAU·
879 4330 1392 4395 metrunmupqourampemb
1513 4329 1514 4394 l

270 4402 343 4460 mr.
361 4402 475 4468 idqueob
486 4404 547 4454 illud
562 4404 618 4465 EN,
633 4404 697 4472 quod
712 4414 778 4455 emat
798 4415 824 4455 et
901 4400 970 4438 'ml
1513 4409 1515 4450 r

269 4478 616 4547 ostendittempuspresenu'
642 4483 755 4535 Nosteri.
768 4488 821 4534 120.
869 4488 910 4537 55.
926 4486 972 4535 me
979 4494 1169 4548 potamum
1179 4484 1256 4547 edjau
1267 4497 1320 4546 gere
1330 4482 1398 4527 Sum
1513 4531 1514 4582 ἢ
