3092 5309
227 568 301 635 356
507 555 576 633 M.
615 553 820 634 ANNAEI
853 556 1083 637 LUCANI

337 767 411 833 Non
427 768 508 835 eries
522 768 590 847 illis,
613 791 679 836 uon
694 769 758 835 ulla
769 781 817 835 eat
831 769 980 836 machina
993 771 1082 837 belli:

339 872 440 940 Haud
455 872 551 939 fossas
564 874 696 961 implere
709 874 825 941 valent:
848 875 1031 965 Parthoque
1044 889 1194 964 sequente

339 978 455 1045 Murus
470 979 539 1057 erit,
561 980 773 1067 quodcunque
786 992 891 1067 potest
903 981 1029 1047 obstare
1042 983 1174 1071 sagittae

252 1089 316 1146 380
340 1083 456 1173 Pugna
469 1084 553 1162 levis,
575 1084 754 1172 bellumque
766 1083 877 1175 fugax,
899 1098 1075 1173 turmaeque
1089 1098 1251 1176 regentes,

339 1186 384 1253 Et
397 1188 509 1254 melior
523 1189 648 1254 cessisse
661 1188 744 1267 loco,
767 1210 863 1275 quam
877 1188 1002 1275 pellere,
1025 1189 1122 1255 miles.

339 1300 424 1366 Illita
438 1300 501 1367 tela
514 1300 605 1379 dolis,
628 1322 687 1367 nec
701 1314 835 1367 martem
846 1302 1024 1367 comminus
1037 1324 1177 1389 unquam

339 1405 429 1471 Ausa
443 1407 509 1493 pati
523 1406 631 1484 virtus,
655 1406 709 1471 sed
723 1405 820 1496 longe
833 1407 962 1472 tendere
976 1429 1099 1485 nervos,

343 1508 396 1587 Et,
419 1532 484 1597 quo
497 1508 579 1575 ferre
593 1509 700 1588 velint,
723 1511 906 1597 permittere
918 1512 1049 1577 vulnera
1062 1512 1172 1577 ventis.

253 1619 316 1677 385
341 1612 434 1679 Ensis
449 1614 544 1679 hebet
558 1615 649 1693 vires,
664 1626 696 1681 et
709 1637 788 1703 gens
802 1637 998 1704 quascunque
1011 1618 1153 1682 virorum
1166 1628 1225 1696 est,

341 1716 428 1783 Bella
441 1719 524 1807 gerit
537 1718 658 1807 gladiis
688 1741 763 1785 nam
780 1719 897 1785 Medos
909 1720 1022 1807 proelia
1034 1721 1140 1807 prima

341 1821 530 1897 Exarment,
554 1825 846 1911 vacuaequejubent
860 1847 999 1891 remeare
1012 1826 1179 1913 pharetroe.

338 1928 436 1995 Nulla
450 1951 561 1994 manus
574 1928 633 1994 illia
640 1953 650 2007 ς
665 1929 783 1995 fiducie
792 1942 860 1995 tota
873 1932 1056 2014 reneniqest.

341 2032 464 2113 Credis,
481 2033 613 2123 Magne,
629 2034 724 2112 vires,
740 2056 820 2121 quos
830 2036 865 2099 in
872 2035 1056 2101 discrimina
1067 2037 1140 2102 belli

251 2149 315 2208 890
338 2140 422 2207 Cum
438 2140 521 2206 ferro
533 2141 652 2205 venisse
666 2162 780 2227 pamm
793 2139 859 2207 est?
872 2153 994 2207 tentare
1007 2142 1195 2228 pudendum

339 2244 506 2311 Auxilium
520 2245 600 2311 tenti
614 2256 670 2325 eat,
686 2258 754 2311 tcto
768 2244 885 2311 divisus
899 2258 936 2311 ut
949 2247 1026 2312 orbe

338 2352 369 2417 A
384 2362 469 2416 terra
483 2350 618 2416 moriam
628 2348 701 2416 tua?
722 2351 780 2416 tibi
794 2349 929 2416 barbara
941 2349 1032 2415 tellus

337 2453 524 2521 Incumbet?
545 2467 576 2520 te
590 2477 688 2541 parve
701 2466 822 2543 tegant,
837 2477 875 2519 ac
885 2454 959 2519 vilia
971 2454 1075 2535 busta,

340 2557 500 2625 Invidiosa
514 2570 632 2639 tamen,
656 2558 771 2625 Crasso
784 2571 946 2648 quaerente
959 2561 1148 2647 sepulcrum.

252 2672 316 2731 895
340 2662 404 2730 Sed
419 2677 474 2729 tue
488 2684 555 2729 sors
568 2663 680 2744 levior,
696 2666 847 2753 quoniam
861 2686 947 2729 mors
960 2664 1072 2732 ultima
1085 2688 1183 2753 poene
1195 2678 1255 2746 eat,

338 2770 408 2835 Nec
418 2768 588 2835 inmunda
601 2768 685 2835 viris.
707 2780 740 2835 et
754 2791 820 2835 non
836 2770 985 2835 Cornelia
993 2771 1091 2837 letum

337 2872 475 2939 Infando
488 2874 547 2939 sub
562 2896 637 2962 rege
651 2873 752 2939 timet.
773 2895 852 2938 num
865 2873 1002 2939 barbara
1015 2873 1108 2940 nobis

339 2978 398 3045 Est
412 2979 523 3068 ignota
533 2979 652 3059 Venus,
668 3000 741 3067 quoe
756 2980 820 3044 ritu
834 3000 921 3045 caeca
933 2978 1071 3045 ferarum

339 3082 458 3150 Polluit
471 3082 645 3149 innumeris
657 3082 751 3173 leges,
767 3096 800 3149 ct
813 3082 933 3149 foedera
946 3084 1030 3149 tedoe

249 3197 314 3255 400
337 3189 548 3279 conjugibus,
565 3188 758 3277 thalamique
771 3200 882 3275 patent
895 3200 1013 3255 secreta
1027 3188 1156 3255 nefandi

337 3294 425 3361 Inter
439 3294 524 3359 mille
538 3291 655 3360 nurus?
670 3294 770 3381 epulis
784 3316 907 3373 vesana,
922 3316 1074 3381 meroque

338 3400 451 3489 Regia,
463 3422 529 3466 non
545 3399 625 3465 ullos
639 3412 787 3486 exceptos
801 3399 927 3489 legibus
942 3398 1051 3464 horret

338 3504 546 3571 Concubitus:
569 3516 617 3569 tot
631 3503 772 3569 femineis
786 3502 1002 3590 complexibus
1015 3524 1116 3569 unum

336 3609 413 3674 Non
428 3608 521 3673 lasset
534 3630 602 3672 nox
616 3620 684 3675 tota
694 3630 823 3674 marem.
839 3610 968 3695 jacuere
982 3630 1105 3673 sorores

248 3720 312 3779 405
335 3713 375 3778 Iu
391 3734 503 3801 regum
517 3711 674 3790 thalamis,
691 3713 1019 3802 sacrataquepignora
1031 3726 1156 3779 matres.

335 3818 479 3885 Damnat
493 3817 579 3902 apud
592 3828 702 3905 gentes
716 3818 839 3885 sceleris
852 3840 919 3885 non
933 3832 1047 3906 sponte
1059 3818 1180 3907 peracti
1312 3880 1316 3889 .

324 4020 409 4082 Erige!
420 4021 527 4069 activum
537 4020 614 4068 calido
629 4020 671 4068 ub
681 4021 780 4082 palm
812 4018 980 4069 nimiunn
996 4018 1104 4081 rumpet
1123 4014 1268 4068 Macedonis
1285 4017 1370 4069 uim

228 4098 315 4166 selene]
333 4098 425 4147 Seneca
435 4098 511 4160 Epist
522 4112 545 4159 p.
556 4102 613 4147 520.
624 4096 655 4146 de
668 4096 779 4153 Athletie,
811 4097 838 4145 iu
854 4097 963 4145 feninea
998 4097 1104 4145 Grotius.

226 4182 300 4229 uatem
311 4178 503 4226 ardentissimum
511 4175 712 4239 insemntieslme
720 4176 781 4237 pul·
844 4174 1046 4225 &ffb—Nan
1055 4175 1155 4222 lubere
1164 4174 1229 4223 sobe

226 4274 278 4308 tere
288 4259 403 4306 minens
413 4256 498 4319 Quis
514 4264 536 4304 et
547 4257 663 4317 suumne
673 4268 715 4303 sue
726 4270 779 4302 ne·
909 4256 956 4303 Eur
973 4258 1055 4317 ὅμοια
1080 4252 1176 4318 Venae]
1199 4250 1252 4305 atii
1270 4250 1369 4300 eudicus

225 4338 354 4386 demdr'en
365 4336 437 4383 ducit.
811 4334 889 4385 NON
898 4334 1006 4383 barura.
1023 4332 1106 4383 Recte
1121 4328 1371 4397 Hecflegitatqrcd

257 4416 313 4463 385.
329 4437 396 4452 —
407 4412 440 4461 m
449 4426 507 4473 gens
520 4424 664 4475 metuque
673 4410 777 4459 umen
809 4412 928 4477 anuum,

353 4501 386 4539 Μ

320 4523 573 4632 Βθῦσίονίειὶαάίίε]
591 4564 695 4615 Parthus
707 4570 777 4613 nutat
817 4534 1302 4617 1-Qustmtmmm,

224 4644 418 4701 uuelleminatos,
433 4642 549 4693 imbelles.
584 4642 625 4691 Sic
643 4656 685 4691 rex
706 4640 776 4703 Epiri
808 4644 867 4693 Non
885 4644 965 4704 Quota
981 4650 1022 4695 eet.
1040 4641 1184 4701 uotumque
1195 4638 1309 4702 (hoece.
1325 4652 1368 4685 se·

225 4722 397 4774 distenderes
414 4722 440 4772 iu
457 4722 520 4773 rues
538 4720 650 4772 iucid'uee
667 4719 773 4783 dicebat,
806 4713 1272 4780 mummi-mmmmm·
1282 4725 1376 4765 sem
