3092 5309
202 579 278 645 280
481 560 539 637 M.
574 554 783 637 ANNAEI
822 554 1054 640 LUCANI

312 774 469 845 Lentulus
478 772 601 843 exoelsa
616 770 759 839 sublimis
772 769 847 838 sede
860 772 1018 861 profatur:
1060 810 1065 818 ·

315 888 430 958 Indole
445 889 471 955 si
485 887 621 978 dignum
635 884 741 963 Infit,
757 883 785 949 Si
799 884 955 975 ‘nguine
968 885 1075 974 Pfi⁸⁰⁰

315 994 431 1063 Robur
446 994 529 1060 inest
543 992 672 1069 animis3
687 1011 755 1059 uun
770 1012 835 1079 qua
847 989 965 1058 tellure
974 970 1108 1077 macti:

315 1100 487 1189 Quamque
499 1098 614 1187 procul
628 1096 720 1171 tectis
734 1107 838 1184 captae
852 1094 1017 1165 sedeamus
1032 1099 1074 1167 ab
1088 1100 1178 1169 urbia

244 1216 288 1275 20
312 1206 455 1277 Gemite:
472 1204 529 1273 sed
543 1216 656 1273 vestrae
670 1203 787 1270 faciem
807 1204 990 1294 eognosuite
1005 1207 1122 1275 turbem

317 1314 506 1401 Cunctaque
515 1312 634 1400 jussuri
648 1310 790 1398 primum
803 1307 868 1376 hoc
882 1310 1054 1393 desernite,
1071 1312 1196 1394 Pon-fl,

316 1418 417 1499 Quod
431 1417 549 1507 reguis,
564 1414 758 1505 populisque
768 1415 878 1503 liquet,
894 1438 955 1483 nos
970 1440 1037 1485 esse
1052 1418 1217 1487 Senatnm.

315 1526 413 1605 Nam,
428 1524 479 1591 vel
494 1523 720 1612 Hyperboreos
732 1520 910 1609 plaustrum
923 1522 1057 1613 glaciale
1070 1525 1130 1593 sub
1145 1524 1251 1607 Um,

315 1631 377 1697 Vel
391 1630 486 1721 plaga
499 1652 563 1718 qua
576 1641 713 1706 torrens,
728 1626 916 1717 eleususque
929 1628 1099 1725 vaporibus
1109 1630 1179 1699 uxi·

248 1744 291 1805 2⁵
313 1736 384 1805 Neu
397 1736 519 1825 petitur
532 1746 651 1813 noctes,
666 1754 727 1799 nee
741 1732 869 1821 iniquos
883 1754 1024 1801 eneruem
1038 1734 1130 1816 soles,

317 1842 353 1911 Si
366 1841 495 1909 fortuma
509 1839 600 1919 ierat,
616 1858 725 1905 rerum
738 1859 798 1905 nos
812 1860 937 1905 summa
950 1852 1112 1928 sequetur,

316 1948 555 2037 Imperiumque
567 1968 683 2013 nomm.
729 1944 871 2033 Taspeia
883 1946 959 2012 sede
971 1959 1102 2034 perusta

321 2054 493 2121 Gullonrm
504 2051 637 2120 lacibus.
681 2049 843 2139 Veiosque
856 2050 1022 2118 habitante
1036 2052 1187 2137 Camillo,

319 2158 390 2227 Illic
406 2158 512 2227 Roma
521 2157 590 2226 fuit
612 2176 682 2225 nun
695 2178 837 2246 unquam
846 2156 987 2246 perdidit
999 2156 1082 2225 ordo

252 2274 296 2335 80
318 2264 450 2334 Mutato
464 2288 521 2333 sua
529 2266 605 2355 jura
616 2263 694 2331 solo.
715 2264 885 2331 moerentia
894 2274 978 2331 teuta

320 2372 431 2440 Caesar
444 2370 550 2450 habet,
565 2392 742 2459 vacuasque
755 2369 881 2449 domos,
896 2369 1045 2460 legesque
1057 2366 1194 2453 mlestus,
1261 2398 1276 2431 x

320 2476 500 2566 Clausaque
508 2476 633 2564 jrrstitio
647 2475 732 2542 tristi·
743 2474 823 2541 bra.
846 2475 936 2542 curia
949 2474 1033 2541 solos

321 2582 380 2651 Illa
393 2582 480 2651 videt
495 2582 618 2662 Patres,
633 2582 730 2670 plena
743 2604 825 2669 quus
836 2580 919 2647 mue
930 2579 1067 2670 digerit.

322 2688 447 2755 Ordine
461 2687 502 2754 de
512 2700 602 2755 tento
615 2687 755 2776 quisquis
769 2707 838 2752 non
847 2686 968 2766 exulat,
983 2685 1039 2753 hie
1053 2700 1111 2754 est

255 2801 298 2861 ³5
321 2794 457 2886 Ignaros
472 2792 635 2873 scelerum,
650 2791 810 2883 longaque
819 2791 855 2857 in
868 2812 948 2879 paee
961 2791 1086 2880 quietos

322 2900 486 2968 Bellorum
500 2900 622 2989 primus
636 2900 750 2988 sparsit
757 2897 860 2977 furor3
879 2898 989 2965 omnia
1001 2920 1119 2965 rursus·

320 3005 472 3073 Membra
484 3005 557 3072 loco
570 3004 715 3073 redeunt.
737 3002 792 3071 en!
808 3003 884 3071 totis
893 3002 1012 3070 viribus
1025 3004 1111 3071 orbis
1201 3085 1204 3089 Ι

324 3106 518 3200 Hesperiam
532 3123 669 3199 pensant
682 3108 801 3197 superiz
810 3109 898 3196 jauet
911 3108 1012 3176 bostis
1025 3110 1060 3177 in
1073 3110 1170 3179 undis

324 3217 470 3287 Obrutus
485 3217 631 3307 Illyricis:
647 3216 762 3305 Libya
772 3215 989 3305 squalentibus
1001 3216 1086 3283 arvis
1164 3246 1167 3253 ·

260 3332 303 3388 40
326 3324 427 3391 Curio
443 3322 581 3391 Caesarei
596 3322 711 3391 cecidit
724 3343 800 3410 pars
814 3342 933 3412 magna
948 3321 1093 3390 Senatus.

282 3422 284 3430 '
325 3428 443 3497 Tollite
454 3430 557 3519 signa,
569 3428 678 3496 ducere
694 3427 833 3495 fatorum
847 3426 1001 3515 impellite
1014 3447 1156 3495 aursume

326 3536 426 3620 Spem
440 3547 575 3601 vestram
589 3544 738 3622 praestete
752 3534 846 3600 Deisz
857 3531 1048 3621 fortunaque
1062 3546 1170 3601 tantos
1266 3596 1272 3612 ,

326 3638 395 3705 Det
404 3638 493 3703 vobis
507 3638 642 3719 enimus,
658 3650 795 3726 quantos
808 3637 1003 3727 sugium
1012 3637 1137 3706 bostem

327 3742 433 3808 Causa
445 3741 552 3809 debat.
574 3752 720 3810 nostrum
733 3741 892 3810 exhausto
900 3742 954 3829 jus
967 3741 1127 3810 clauditur
1139 3764 1238 3812 anno:

261 3853 303 3914 45
326 3846 405 3926 Vos,
420 3868 557 3936 qnorum
571 3846 671 3915 finem
686 3869 751 3914 non
766 3859 815 3915 est
828 3869 957 3915 senusra
968 3859 1119 3934 potestas,

327 3950 491 4019 Consulite
504 3951 538 4018 in
552 3952 706 4035 medium,
723 3952 845 4034 Patres,
861 3952 1083 4043 Magnumque
1091 3955 1202 4044 jubete

327 4056 1070 4129 Fmedundaetonomeucuuoresemtus
1275 4056 1280 4065 '

253 4280 292 4328 16.
307 4280 523 4331 mummia
539 4282 775 4347 sullimirsedepro·
806 4278 951 4346 manner]
967 4277 1129 4345 Hnoeuipti
1148 4274 1256 4349 plerique
1277 4297 1369 4339 omnen

205 4352 314 4425 saure]
346 4356 464 4409 Metus·
484 4358 586 4419 rodco.
607 4360 632 4410 E
646 4360 766 4422 CELSA,
807 4355 1025 4416 unctum
1046 4357 1124 4409 linito.
1135 4360 1370 4419 Quisdubitetaase

215 4434 281 4498 quod
292 4434 466 4499 recipiendum.
805 4440 906 4490 veum?
1295 4504 1299 4509 ,

247 4516 494 4567 sim-Nostrum
505 4516 669 4581 domitu
678 4518 770 4570 etoedt·
837 4523 879 4570 55.
897 4520 1010 4575 -le
1028 4523 1116 4587 gelida
1136 4526 1257 4578 &nebu
1275 4529 1371 4578 illusi·
