3092 5309
250 536 322 613 176
545 524 601 603 M.
631 523 839 605 ANNAEI
871 526 1104 609 LUCANI

357 736 473 806 Telum
486 738 616 807 flamme
628 739 699 821 fuit,
714 740 902 831 rapiensque
914 742 1063 813 incendis
1072 754 1189 817 'ventus

355 844 420 914 Per
437 844 584 943 Romans
596 844 669 911 tulit
683 845 779 915 celeri
788 848 964 915 munimina
980 872 1085 917 cursu.

356 948 437 1029 Nee,
452 950 595 1037 quemvis
608 950 701 1017 viridi
715 951 854 1019 luctetur
863 953 990 1035 robore,
1005 954 1108 1023 lentus

356 1052 446 1144 Ignis
460 1052 527 1142 egit
540 1054 636 1121 vires:
651 1056 725 1123 teda
738 1056 794 1122 sed
807 1070 917 1145 ruptus
931 1059 973 1125 ob
986 1061 1076 1126 omni

269 1162 334 1223 505
358 1157 571 1247 Consequitur
584 1160 669 1251 nigri
682 1162 819 1249 spetiosa
832 1162 994 1229 volumius
1006 1163 1100 1231 fumi:

357 1262 427 1329 Neo
440 1260 543 1331 solum
557 1263 660 1345 silrns3
676 1264 732 1331 sed
745 1288 823 1333 snxn
835 1266 978 1357 ingentis
990 1268 1097 1350 solvit,

355 1368 400 1436 Et
414 1369 521 1435 crudoe
535 1370 621 1458 putri
634 1369 796 1437 fluxerrmt
809 1370 938 1459 pulvere
951 1384 1069 1439 mutes.

356 1474 541 1555 Procubuit,
556 1476 719 1563 majorque
726 1478 838 1564 jsoeos
851 1479 999 1565 apperuit
1012 1500 1121 1569 agger.

401 1582 480 1668 Spes
493 1581 582 1647 victis
596 1582 714 1648 telluris
727 1582 806 1663 ubit,
819 1582 998 1672 pluuntque
1011 1585 1174 1672 pwfimdo

268 1691 335 1750 510
358 1686 532 1753 Fortunam
546 1698 668 1753 tentsre
681 1688 773 1753 muri.
786 1708 854 1753 nou
868 1688 984 1755 robore
996 1692 1085 1778 picto

357 1790 500 1857 Ornatus
512 1791 619 1859 docuit
631 1791 752 1883 bulgens
766 1793 866 1860 tutelo
874 1796 1007 1875 mrinss,

340 1976 343 1981 ,
357 1896 421 1963 Sed
430 1896 527 1976 rudis,
543 1909 575 1963 et
587 1898 688 1986 quslie
702 1898 883 1985 procumbit
896 1901 1056 1967 montibus
1069 1899 1181 1982 orbor,

358 2002 544 2069 Conseritur
559 2002 675 2070 stabilis
689 2004 854 2071 navalibus
865 2028 940 2072 uren
954 2004 1051 2071 bellis
1116 2066 1122 2074 .

356 2112 401 2181 Et
406 2115 474 2201 jem
489 2114 679 2205 turrigerum
693 2116 787 2183 Bruti
801 2117 951 2184 eomitstn
962 2118 1103 2184 osrinnm

268 2225 333 2287 515
359 2216 501 2286 Venerat
514 2220 549 2285 in
561 2219 676 2289 fluctus
692 2220 845 2289 Rhodani
857 2244 932 2289 cum
945 2223 1072 2313 gurgite
1087 2220 1204 2304 classis,

358 2326 546 2397 Stoeohsdos
560 2352 636 2396 erre
647 2340 767 2397 tenens.
782 2352 842 2397 neo
854 2351 921 2397 non
934 2342 969 2399 et
983 2331 1084 2399 Grais
1089 2331 1242 2419 jurerrtus

357 2432 466 2502 Omne
480 2456 572 2502 suum
586 2434 657 2501 fetis
671 2436 769 2503 voluit
783 2436 980 2503 committere
994 2435 1105 2503 robure

358 2539 621 2629 Grnudoevosque
635 2563 724 2609 senes
737 2542 838 2608 mistis
852 2542 986 2609 nrmsvit
1000 2540 1141 2629 ephebis.

358 2646 493 2733 Accepit
506 2668 571 2715 non
587 2645 652 2713 sole
666 2646 760 2726 viros,
775 2668 849 2713 unoe
860 2646 962 2713 stabnt
974 2646 1010 2712 in
1024 2646 1119 2713 nudie

271 2742 336 2819 520
359 2750 487 2829 elassis
498 2762 531 2817 et
545 2750 689 2818 emeritas
704 2763 851 2839 repetunt
864 2750 1028 2818 novalibus
1043 2751 1144 2818 slnos.

358 2855 408 2925 Ut
421 2857 593 2924 matutinos
607 2878 756 2947 spsrgeus
770 2878 865 2945 super
879 2878 1009 2945 oequore
1023 2855 1169 2925 Phoebus

356 2962 467 3052 Fregit
481 2962 570 3049 equis
583 2960 699 3041 radios,
718 2974 751 3029 et
764 2962 844 3027 liber
857 2960 995 3027 nubibus
1008 2959 1122 3041 oether,

359 3066 405 3133 Et
417 3068 522 3154 posito
538 3068 655 3147 Borea,
670 3088 844 3155 pacemque
857 3066 1036 3133 tenentibus
1050 3064 1188 3148 Austris,

360 3172 525 3241 sensum
536 3172 619 3239 bello
628 3172 729 3261 jacuit
743 3194 840 3252 mere,
854 3172 954 3237 movit
968 3172 1009 3237 ab
1020 3172 1109 3237 omni

269 3282 333 3345 525
350 3276 493 3365 Quisque
507 3298 596 3345 ruam
610 3276 743 3343 statione
757 3290 868 3355 retem,
883 3276 1073 3364 paribusque
1086 3274 1209 3342 lacertis

360 3382 495 3448 Coesnris
509 3380 585 3449 hino
598 3381 708 3469 pubes,
722 3380 799 3447 hino
810 3381 912 3448 Graio
925 3382 1045 3471 remige
1059 3380 1166 3447 dussis

263 3552 265 3559 .
356 3486 506 3554 Tollitur:
521 3488 665 3575 impulsoe
679 3488 778 3555 tonsis
792 3500 949 3554 tremuere
963 3487 1092 3565 cnrinoe,

359 3594 543 3683 Crebraque
557 3594 704 3663 sublimes
715 3594 895 3661 convellunt
907 3595 1040 3660 verbere
1049 3614 1182 3681 puppes.

358 3700 490 3766 Comus
505 3700 660 3768 Romnum
674 3701 790 3781 classis,
805 3698 980 3787 vnlidseque
992 3698 1145 3777 triremes,

269 3811 335 3871 530
357 3804 509 3892 Quosque
522 3818 632 3893 quster
646 3827 778 3895 surgens
790 3806 929 3873 extructi
942 3804 1071 3893 remigis
1084 3802 1166 3869 orrlo

359 3910 558 3989 Commouet,
573 3921 606 3976 et
615 3910 719 3997 plures
732 3932 805 3997 quae
818 3921 968 3999 mergunt
981 3930 1110 3997 oequore
1122 3908 1229 3995 pinus,

356 4012 553 4102 Multiplices
566 4014 695 4081 cinxere
708 4029 800 4081 rates.
822 4014 885 4080 hoc
899 4014 997 4079 robur
1010 4026 1122 4099 aperto

266 4106 270 4117 ’
357 4118 550 4225 Oppositum
564 4120 686 4213 pelago.
707 4120 816 4189 lunate
828 4119 931 4187 fronte
944 4118 1107 4198 recedunt,

275 4342 332 4390 558.
347 4364 414 4381 -·
425 4342 581 4407 magnamque
600 4338 720 4407 mecm]
753 4338 796 4388 Its
863 4341 919 4389 55⁸.
938 4338 1008 4386 Tm
1023 4338 1049 4387 ir
1059 4334 1171 4402 signifero
1181 4332 1299 4385 veritati
1309 4346 1386 4398 W

243 4418 332 4469 tertius
342 4435 415 4484 quem
426 4437 548 4487 mpesrere,
560 4422 592 4473 ob
602 4419 628 4472 id
643 4418 708 4489 quod
718 4416 797 4486 sequi·
828 4412 953 4481 nogium]
987 4414 1020 4464 Iu
1037 4428 1099 4464 nare
1109 4412 1226 4477 putoris.
1261 4412 1371 4461 Grotius

242 4504 291 4548 mr.
324 4498 432 4549 Grotius.
860 4498 918 4547 tot.
940 4516 1007 4535 -
1030 4494 1152 4547 Percurre
1174 4501 1249 4559 eapte
1270 4485 1386 4555 romb]
