<?xml version="1.0" encoding="UTF-8"?>
<!DOCTYPE html PUBLIC "-//W3C//DTD XHTML 1.0 Transitional//EN"
    "http://www.w3.org/TR/xhtml1/DTD/xhtml1-transitional.dtd">
<html xmlns="http://www.w3.org/1999/xhtml" xml:lang="en" lang="en">
 <head>
  <title>
</title>
<meta http-equiv="Content-Type" content="text/html;charset=utf-8" />
  <meta name='ocr-system' content='tesseract 3.04.00' />
  <meta name='ocr-capabilities' content='ocr_page ocr_carea ocr_par ocr_line ocrx_word'/>
</head>
<body>
  <div class='ocr_page' id='page_1' title='image "./mannaeilucaniph01ginggoog_0201.png"; bbox 0 0 3092 5309; ppageno 0'>
   <div class='ocr_carea' id='block_1_1' title="bbox 401 618 1264 701">
    <p class='ocr_par' dir='ltr' id='par_1_1' title="bbox 401 618 1264 701">
     <span class='ocr_line' id='line_1_1' title="bbox 401 618 1264 701; baseline -0.003 0"><span class='ocrx_word' id='word_1_1' title='bbox 401 620 755 701; x_wconf 83' lang='lat' dir='ltr'><strong>PHARSALIAE</strong></span> <span class='ocrx_word' id='word_1_2' title='bbox 782 618 892 701; x_wconf 86' lang='lat' dir='ltr'><strong>LIB.</strong></span> <span class='ocrx_word' id='word_1_3' title='bbox 918 622 990 701; x_wconf 92' lang='lat'><em>111.</em></span> <span class='ocrx_word' id='word_1_4' title='bbox 1194 632 1264 698; x_wconf 79' lang='grc'><strong>185</strong></span> 
     </span>
    </p>
   </div>
   <div class='ocr_carea' id='block_1_2' title="bbox 162 833 1149 2173">
    <p class='ocr_par' dir='ltr' id='par_1_2' title="bbox 246 833 1008 924">
     <span class='ocr_line' id='line_1_2' title="bbox 246 833 1008 924; baseline 0.005 -25"><span class='ocrx_word' id='word_1_5' title='bbox 246 833 370 902; x_wconf 85' lang='lat' dir='ltr'>Victum</span> <span class='ocrx_word' id='word_1_6' title='bbox 383 855 453 900; x_wconf 73' lang='lat' dir='ltr'>aevo</span> <span class='ocrx_word' id='word_1_7' title='bbox 466 835 563 903; x_wconf 87' lang='lat' dir='ltr'>robur</span> <span class='ocrx_word' id='word_1_8' title='bbox 575 836 700 916; x_wconf 88' lang='lat' dir='ltr'>cecidit,</span> <span class='ocrx_word' id='word_1_9' title='bbox 715 834 871 924; x_wconf 79' lang='lat' dir='ltr'>fessusque</span> <span class='ocrx_word' id='word_1_10' title='bbox 884 845 1008 903; x_wconf 68' lang='lat' dir='ltr'>macta</span> 
     </span>
    </p>

    <p class='ocr_par' dir='ltr' id='par_1_3' title="bbox 168 937 1085 1447">
     <span class='ocr_line' id='line_1_3' title="bbox 168 937 997 1029; baseline 0.002 -26"><span class='ocrx_word' id='word_1_11' title='bbox 168 940 224 1004; x_wconf 82' lang='grc'>750</span> <span class='ocrx_word' id='word_1_12' title='bbox 244 937 440 1027; x_wconf 74' lang='lat' dir='ltr'>Ere-plum,</span> <span class='ocrx_word' id='word_1_13' title='bbox 455 961 521 1007; x_wconf 88' lang='lat' dir='ltr'>nou</span> <span class='ocrx_word' id='word_1_14' title='bbox 535 940 621 1007; x_wconf 88' lang='lat' dir='ltr'>miles</span> <span class='ocrx_word' id='word_1_15' title='bbox 634 942 715 1025; x_wconf 85' lang='lat' dir='ltr'>erat)</span> <span class='ocrx_word' id='word_1_16' title='bbox 729 940 784 1029; x_wconf 89' lang='lat' dir='ltr'>qui</span> <span class='ocrx_word' id='word_1_17' title='bbox 797 940 908 1007; x_wconf 70' lang='lat' dir='ltr'>sunem</span> <span class='ocrx_word' id='word_1_18' title='bbox 919 940 997 1017; x_wconf 84' lang='lat' dir='ltr'>viso,</span> 
     </span>
     <span class='ocr_line' id='line_1_4' title="bbox 240 1038 1035 1165; baseline -0.003 -56"><span class='ocrx_word' id='word_1_19' title='bbox 240 1043 328 1129; x_wconf 81' lang='lat' dir='ltr'>Stepe</span> <span class='ocrx_word' id='word_1_20' title='bbox 342 1040 455 1109; x_wconf 87' lang='lat' dir='ltr'>cadens</span> <span class='ocrx_word' id='word_1_21' title='bbox 468 1044 573 1165; x_wconf 61' lang='lat' dir='ltr'>longae</span> <span class='ocrx_word' id='word_1_22' title='bbox 584 1044 687 1111; x_wconf 84' lang='lat' dir='ltr'>senior</span> <span class='ocrx_word' id='word_1_23' title='bbox 701 1067 758 1131; x_wconf 90' lang='lat' dir='ltr'>per</span> <span class='ocrx_word' id='word_1_24' title='bbox 772 1038 1035 1111; x_wconf 73' lang='lat' dir='ltr'>nanam&#39;carinae</span> 
     </span>
     <span class='ocr_line' id='line_1_5' title="bbox 240 1146 1055 1237; baseline 0 -24"><span class='ocrx_word' id='word_1_25' title='bbox 240 1146 385 1215; x_wconf 86' lang='lat' dir='ltr'>Pervenit</span> <span class='ocrx_word' id='word_1_26' title='bbox 397 1147 439 1213; x_wconf 89' lang='lat' dir='ltr'>ad</span> <span class='ocrx_word' id='word_1_27' title='bbox 452 1149 585 1236; x_wconf 86' lang='lat' dir='ltr'><strong>puppim</strong></span> <span class='ocrx_word' id='word_1_28' title='bbox 600 1149 814 1237; x_wconf 69' lang='lat' dir='ltr'><strong>spirantesque</strong></span> <span class='ocrx_word' id='word_1_29' title='bbox 826 1149 946 1215; x_wconf 84' lang='lat' dir='ltr'>invenit</span> <span class='ocrx_word' id='word_1_30' title='bbox 958 1160 1055 1213; x_wconf 82' lang='lat' dir='ltr'>artus.</span> 
     </span>
     <span class='ocr_line' id='line_1_6' title="bbox 240 1248 1085 1345; baseline 0.002 -30"><span class='ocrx_word' id='word_1_31' title='bbox 240 1248 313 1316; x_wconf 85' lang='lat' dir='ltr'>Non</span> <span class='ocrx_word' id='word_1_32' title='bbox 327 1250 475 1340; x_wconf 82' lang='lat' dir='ltr'>lacryrnae</span> <span class='ocrx_word' id='word_1_33' title='bbox 485 1252 625 1321; x_wconf 77' lang='lat' dir='ltr'>cecidere</span> <span class='ocrx_word' id='word_1_34' title='bbox 634 1254 733 1343; x_wconf 85' lang='lat' dir='ltr'>genis,</span> <span class='ocrx_word' id='word_1_35' title='bbox 747 1275 815 1319; x_wconf 89' lang='lat' dir='ltr'>non</span> <span class='ocrx_word' id='word_1_36' title='bbox 829 1264 957 1345; x_wconf 75' lang='lat' dir='ltr'>pectora</span> <span class='ocrx_word' id='word_1_37' title='bbox 970 1249 1085 1329; x_wconf 84' lang='lat' dir='ltr'>tundit,</span> 
     </span>
     <span class='ocr_line' id='line_1_7' title="bbox 239 1353 927 1447; baseline 0.003 -25"><span class='ocrx_word' id='word_1_38' title='bbox 239 1353 391 1422; x_wconf 82' lang='lat' dir='ltr'>Distentis</span> <span class='ocrx_word' id='word_1_39' title='bbox 404 1369 472 1423; x_wconf 89' lang='lat' dir='ltr'>toto</span> <span class='ocrx_word' id='word_1_40' title='bbox 482 1358 580 1447; x_wconf 81' lang='lat' dir='ltr'>riguit</span> <span class='ocrx_word' id='word_1_41' title='bbox 593 1358 648 1423; x_wconf 89' lang='lat' dir='ltr'>sed</span> <span class='ocrx_word' id='word_1_42' title='bbox 661 1379 795 1445; x_wconf 88' lang='lat' dir='ltr'>corpore</span> <span class='ocrx_word' id='word_1_43' title='bbox 806 1356 927 1445; x_wconf 83' lang='lat' dir='ltr'>palmia</span> 
     </span>
    </p>

    <p class='ocr_par' dir='ltr' id='par_1_4' title="bbox 163 1458 1095 1965">
     <span class='ocr_line' id='line_1_8' title="bbox 163 1458 1095 1550; baseline 0.001 -26"><span class='ocrx_word' id='word_1_44' title='bbox 163 1462 218 1527; x_wconf 81' lang='grc'>755</span> <span class='ocrx_word' id='word_1_45' title='bbox 238 1458 312 1527; x_wconf 88' lang='lat' dir='ltr'>Nox</span> <span class='ocrx_word' id='word_1_46' title='bbox 326 1462 419 1541; x_wconf 88' lang='lat' dir='ltr'>subit,</span> <span class='ocrx_word' id='word_1_47' title='bbox 435 1474 528 1550; x_wconf 90' lang='lat' dir='ltr'>atque</span> <span class='ocrx_word' id='word_1_48' title='bbox 543 1462 651 1529; x_wconf 88' lang='lat' dir='ltr'>oculos</span> <span class='ocrx_word' id='word_1_49' title='bbox 665 1474 760 1529; x_wconf 78' lang='lat' dir='ltr'>vastae</span> <span class='ocrx_word' id='word_1_50' title='bbox 774 1462 935 1528; x_wconf 85' lang='lat' dir='ltr'>obduxere</span> <span class='ocrx_word' id='word_1_51' title='bbox 947 1459 1095 1539; x_wconf 79' lang='lat' dir='ltr'>tenebrae,</span> 
     </span>
     <span class='ocr_line' id='line_1_9' title="bbox 238 1564 1041 1656; baseline 0.002 -27"><span class='ocrx_word' id='word_1_52' title='bbox 238 1564 280 1629; x_wconf 89' lang='lat' dir='ltr'>Et</span> <span class='ocrx_word' id='word_1_53' title='bbox 291 1566 441 1635; x_wconf 81' lang='lat' dir='ltr'>misermn</span> <span class='ocrx_word' id='word_1_54' title='bbox 455 1588 584 1632; x_wconf 87' lang='lat' dir='ltr'>cernens</span> <span class='ocrx_word' id='word_1_55' title='bbox 598 1588 766 1656; x_wconf 75' lang='lat' dir='ltr'>agnoscere</span> <span class='ocrx_word' id='word_1_56' title='bbox 780 1565 895 1631; x_wconf 89' lang='lat' dir='ltr'>desinit</span> <span class='ocrx_word' id='word_1_57' title='bbox 908 1566 1041 1655; x_wconf 75' lang='lat' dir='ltr'>Argum.</span> 
     </span>
     <span class='ocr_line' id='line_1_10' title="bbox 238 1668 946 1759; baseline 0 -24"><span class='ocrx_word' id='word_1_58' title='bbox 238 1668 293 1735; x_wconf 90' lang='lat' dir='ltr'>llle</span> <span class='ocrx_word' id='word_1_59' title='bbox 307 1682 402 1755; x_wconf 87' lang='lat' dir='ltr'>caput</span> <span class='ocrx_word' id='word_1_60' title='bbox 414 1668 534 1751; x_wconf 89' lang='lat' dir='ltr'>labens,</span> <span class='ocrx_word' id='word_1_61' title='bbox 549 1672 657 1757; x_wconf 87' lang='lat' dir='ltr'>etjam</span> <span class='ocrx_word' id='word_1_62' title='bbox 670 1670 851 1759; x_wconf 78' lang='lat' dir='ltr'>languentia</span> <span class='ocrx_word' id='word_1_63' title='bbox 863 1669 946 1735; x_wconf 83' lang='lat' dir='ltr'>colla</span> 
     </span>
     <span class='ocr_line' id='line_1_11' title="bbox 239 1771 951 1861; baseline 0.003 -23"><span class='ocrx_word' id='word_1_64' title='bbox 239 1771 315 1839; x_wconf 87' lang='lat' dir='ltr'>Viso</span> <span class='ocrx_word' id='word_1_65' title='bbox 329 1786 420 1861; x_wconf 86' lang='lat' dir='ltr'>patre</span> <span class='ocrx_word' id='word_1_66' title='bbox 433 1773 528 1840; x_wconf 82' lang='lat' dir='ltr'>levat:</span> <span class='ocrx_word' id='word_1_67' title='bbox 542 1796 607 1840; x_wconf 84' lang='lat' dir='ltr'>vox</span> <span class='ocrx_word' id='word_1_68' title='bbox 620 1772 723 1840; x_wconf 84' lang='lat' dir='ltr'>fauces</span> <span class='ocrx_word' id='word_1_69' title='bbox 735 1773 822 1839; x_wconf 89' lang='lat' dir='ltr'>nulla</span> <span class='ocrx_word' id='word_1_70' title='bbox 835 1772 951 1840; x_wconf 84' lang='lat' dir='ltr'>solutas</span> 
     </span>
     <span class='ocr_line' id='line_1_12' title="bbox 236 1874 1026 1965; baseline 0.003 -24"><span class='ocrx_word' id='word_1_71' title='bbox 236 1874 450 1964; x_wconf 70' lang='lat' dir='ltr'>Prosequitur:</span> <span class='ocrx_word' id='word_1_72' title='bbox 466 1878 562 1945; x_wconf 84' lang='lat' dir='ltr'>ucito</span> <span class='ocrx_word' id='word_1_73' title='bbox 576 1888 699 1945; x_wconf 79' lang='lat' dir='ltr'>unum</span> <span class='ocrx_word' id='word_1_74' title='bbox 713 1878 794 1965; x_wconf 83' lang='lat' dir='ltr'>petit</span> <span class='ocrx_word' id='word_1_75' title='bbox 805 1876 912 1944; x_wconf 75' lang='lat' dir='ltr'>caula</span> <span class='ocrx_word' id='word_1_76' title='bbox 925 1877 1026 1954; x_wconf 77' lang='lat' dir='ltr'>vultu3</span> 
     </span>
    </p>

    <p class='ocr_par' dir='ltr' id='par_1_5' title="bbox 162 1978 1149 2173">
     <span class='ocr_line' id='line_1_13' title="bbox 162 1978 1074 2069; baseline 0.008 -28"><span class='ocrx_word' id='word_1_77' title='bbox 162 1980 218 2045; x_wconf 79' lang='lat'>740</span> <span class='ocrx_word' id='word_1_78' title='bbox 238 1978 416 2069; x_wconf 76' lang='lat' dir='ltr'>Invitatque</span> <span class='ocrx_word' id='word_1_79' title='bbox 429 1982 527 2069; x_wconf 85' lang='lat' dir='ltr'>patris</span> <span class='ocrx_word' id='word_1_80' title='bbox 541 1981 717 2049; x_wconf 80' lang='lat' dir='ltr'>claudenda</span> <span class='ocrx_word' id='word_1_81' title='bbox 730 1981 771 2048; x_wconf 84' lang='lat' dir='ltr'>ad</span> <span class='ocrx_word' id='word_1_82' title='bbox 785 1982 906 2049; x_wconf 87' lang='lat' dir='ltr'>lumina</span> <span class='ocrx_word' id='word_1_83' title='bbox 919 1981 1074 2048; x_wconf 76' lang='lat' dir='ltr'>dextram.</span> 
     </span>
     <span class='ocr_line' id='line_1_14' title="bbox 239 2082 1149 2173; baseline 0.002 -22"><span class='ocrx_word' id='word_1_84' title='bbox 239 2083 285 2151; x_wconf 90' lang='lat' dir='ltr'>Ut</span> <span class='ocrx_word' id='word_1_85' title='bbox 298 2097 428 2173; x_wconf 87' lang='lat' dir='ltr'>torpore</span> <span class='ocrx_word' id='word_1_86' title='bbox 441 2106 537 2151; x_wconf 88' lang='lat' dir='ltr'>senex</span> <span class='ocrx_word' id='word_1_87' title='bbox 550 2086 660 2165; x_wconf 81' lang='lat' dir='ltr'>carnit,</span> <span class='ocrx_word' id='word_1_88' title='bbox 676 2084 817 2173; x_wconf 82' lang='lat' dir='ltr'>viresqne</span> <span class='ocrx_word' id='word_1_89' title='bbox 830 2097 976 2153; x_wconf 78' lang='lat' dir='ltr'>emensus</span> <span class='ocrx_word' id='word_1_90' title='bbox 1146 2082 1149 2091; x_wconf 75' lang='lat'>&#39;</span> 
     </span>
    </p>
   </div>
   <div class='ocr_carea' id='block_1_3' title="bbox 160 2188 1087 2699">
    <p class='ocr_par' dir='ltr' id='par_1_6' title="bbox 236 2188 1082 2488">
     <span class='ocr_line' id='line_1_15' title="bbox 236 2188 1082 2279; baseline 0.001 -25"><span class='ocrx_word' id='word_1_91' title='bbox 236 2188 342 2277; x_wconf 71' lang='lat' dir='ltr'>cepit</span> <span class='ocrx_word' id='word_1_92' title='bbox 354 2188 471 2257; x_wconf 86' lang='lat' dir='ltr'>habere</span> <span class='ocrx_word' id='word_1_93' title='bbox 481 2189 585 2271; x_wconf 88' lang='lat' dir='ltr'>dolor,</span> <span class='ocrx_word' id='word_1_94' title='bbox 597 2212 662 2256; x_wconf 93' lang='lat' dir='ltr'>non</span> <span class='ocrx_word' id='word_1_95' title='bbox 675 2190 807 2279; x_wconf 88' lang='lat' dir='ltr'>perdam</span> <span class='ocrx_word' id='word_1_96' title='bbox 821 2203 974 2277; x_wconf 88' lang='lat' dir='ltr'>tempora,</span> <span class='ocrx_word' id='word_1_97' title='bbox 988 2188 1082 2269; x_wconf 84' lang='lat' dir='ltr'>dixit,</span> 
     </span>
     <span class='ocr_line' id='line_1_16' title="bbox 236 2292 992 2389; baseline 0.004 -30"><span class='ocrx_word' id='word_1_98' title='bbox 236 2292 269 2359; x_wconf 77' lang='lat' dir='ltr'>A</span> <span class='ocrx_word' id='word_1_99' title='bbox 282 2294 372 2361; x_wconf 74' lang='lat' dir='ltr'>savis</span> <span class='ocrx_word' id='word_1_100' title='bbox 384 2295 535 2383; x_wconf 88' lang='lat' dir='ltr'>permissa</span> <span class='ocrx_word' id='word_1_101' title='bbox 546 2296 634 2377; x_wconf 89' lang='lat' dir='ltr'>Deis,</span> <span class='ocrx_word' id='word_1_102' title='bbox 640 2294 849 2389; x_wconf 89' lang='lat' dir='ltr'>jugulumque</span> <span class='ocrx_word' id='word_1_103' title='bbox 863 2294 992 2362; x_wconf 88' lang='lat' dir='ltr'>senilem</span> 
     </span>
     <span class='ocr_line' id='line_1_17' title="bbox 239 2396 999 2488; baseline 0.005 -25"><span class='ocrx_word' id='word_1_104' title='bbox 239 2396 436 2465; x_wconf 86' lang='lat' dir='ltr'>Confodiarn.</span> <span class='ocrx_word' id='word_1_105' title='bbox 452 2398 574 2467; x_wconf 86' lang='lat' dir='ltr'>veniam</span> <span class='ocrx_word' id='word_1_106' title='bbox 587 2401 702 2467; x_wconf 85' lang='lat' dir='ltr'>misero</span> <span class='ocrx_word' id='word_1_107' title='bbox 715 2400 853 2467; x_wconf 88' lang='lat' dir='ltr'>concede</span> <span class='ocrx_word' id='word_1_108' title='bbox 865 2399 999 2488; x_wconf 84' lang='lat' dir='ltr'>parenti,</span> 
     </span>
    </p>

    <p class='ocr_par' dir='ltr' id='par_1_7' title="bbox 160 2498 1087 2699">
     <span class='ocr_line' id='line_1_18' title="bbox 160 2498 1087 2594; baseline 0.006 -31"><span class='ocrx_word' id='word_1_109' title='bbox 160 2498 217 2564; x_wconf 74' lang='lat'>&#39;145</span> <span class='ocrx_word' id='word_1_110' title='bbox 238 2502 332 2592; x_wconf 77' lang='lat' dir='ltr'>Arge,</span> <span class='ocrx_word' id='word_1_111' title='bbox 348 2502 434 2591; x_wconf 92' lang='lat' dir='ltr'>quod</span> <span class='ocrx_word' id='word_1_112' title='bbox 448 2504 621 2590; x_wconf 83' lang='lat' dir='ltr'>amplexus,</span> <span class='ocrx_word' id='word_1_113' title='bbox 636 2518 776 2571; x_wconf 84' lang='lat' dir='ltr'>extrema</span> <span class='ocrx_word' id='word_1_114' title='bbox 788 2505 875 2594; x_wconf 90' lang='lat' dir='ltr'>quod</span> <span class='ocrx_word' id='word_1_115' title='bbox 888 2504 995 2569; x_wconf 86' lang='lat' dir='ltr'>oscula</span> <span class='ocrx_word' id='word_1_116' title='bbox 1007 2500 1087 2592; x_wconf 76' lang='lat' dir='ltr'>fugi.</span> 
     </span>
     <span class='ocr_line' id='line_1_19' title="bbox 238 2604 1042 2699; baseline 0.006 -28"><span class='ocrx_word' id='word_1_117' title='bbox 238 2604 391 2673; x_wconf 89' lang='lat' dir='ltr'>Nondum</span> <span class='ocrx_word' id='word_1_118' title='bbox 413 2607 553 2675; x_wconf 80' lang='lat' dir='ltr'>destituit</span> <span class='ocrx_word' id='word_1_119' title='bbox 566 2608 684 2675; x_wconf 84' lang='lat' dir='ltr'>calidus</span> <span class='ocrx_word' id='word_1_120' title='bbox 696 2620 752 2675; x_wconf 90' lang='lat' dir='ltr'>tua</span> <span class='ocrx_word' id='word_1_121' title='bbox 765 2608 894 2675; x_wconf 81' lang='lat' dir='ltr'>vulnera</span> <span class='ocrx_word' id='word_1_122' title='bbox 907 2608 1042 2699; x_wconf 80' lang='lat' dir='ltr'>sanguia,</span> 
     </span>
    </p>
   </div>
   <div class='ocr_carea' id='block_1_4' title="bbox 160 2710 1159 3839">
    <p class='ocr_par' dir='ltr' id='par_1_8' title="bbox 160 2710 1159 3839">
     <span class='ocr_line' id='line_1_20' title="bbox 239 2710 1119 2801; baseline 0.005 -27"><span class='ocrx_word' id='word_1_123' title='bbox 239 2710 495 2799; x_wconf 86' lang='lat' dir='ltr'>Semianimisque</span> <span class='ocrx_word' id='word_1_124' title='bbox 504 2712 599 2799; x_wconf 87' lang='lat' dir='ltr'>jaces,</span> <span class='ocrx_word' id='word_1_125' title='bbox 615 2724 647 2778; x_wconf 92' lang='lat' dir='ltr'>et</span> <span class='ocrx_word' id='word_1_126' title='bbox 660 2711 763 2779; x_wconf 90' lang='lat' dir='ltr'>adhuc</span> <span class='ocrx_word' id='word_1_127' title='bbox 776 2725 865 2801; x_wconf 83' lang='lat' dir='ltr'>potes</span> <span class='ocrx_word' id='word_1_128' title='bbox 878 2734 943 2779; x_wconf 88' lang='lat' dir='ltr'>ease</span> <span class='ocrx_word' id='word_1_129' title='bbox 956 2719 1119 2798; x_wconf 84' lang='lat' dir='ltr'>superstes.</span> 
     </span>
     <span class='ocr_line' id='line_1_21' title="bbox 242 2814 1023 2904; baseline 0.004 -25"><span class='ocrx_word' id='word_1_130' title='bbox 242 2814 293 2880; x_wconf 92' lang='lat' dir='ltr'>Sic</span> <span class='ocrx_word' id='word_1_131' title='bbox 307 2814 398 2895; x_wconf 85' lang='lat' dir='ltr'>fatus,</span> <span class='ocrx_word' id='word_1_132' title='bbox 415 2818 554 2904; x_wconf 85' lang='lat' dir='ltr'>quamvis</span> <span class='ocrx_word' id='word_1_133' title='bbox 568 2816 714 2903; x_wconf 88' lang='lat' dir='ltr'>capulum</span> <span class='ocrx_word' id='word_1_134' title='bbox 733 2838 792 2904; x_wconf 89' lang='lat' dir='ltr'>per</span> <span class='ocrx_word' id='word_1_135' title='bbox 805 2818 924 2883; x_wconf 81' lang='lat' dir='ltr'>viscera</span> <span class='ocrx_word' id='word_1_136' title='bbox 937 2816 1023 2882; x_wconf 86' lang='lat' dir='ltr'>misai</span> 
     </span>
     <span class='ocr_line' id='line_1_22' title="bbox 244 2918 1151 3009; baseline 0 -24"><span class='ocrx_word' id='word_1_137' title='bbox 244 2918 404 2985; x_wconf 78' lang='lat' dir='ltr'>Polluerat</span> <span class='ocrx_word' id='word_1_138' title='bbox 416 2919 523 3009; x_wconf 82' lang='lat' dir='ltr'>gladii,</span> <span class='ocrx_word' id='word_1_139' title='bbox 538 2931 643 2987; x_wconf 84' lang='lat' dir='ltr'>tamen</span> <span class='ocrx_word' id='word_1_140' title='bbox 657 2921 721 2987; x_wconf 90' lang='lat' dir='ltr'>alta</span> <span class='ocrx_word' id='word_1_141' title='bbox 734 2920 794 2987; x_wconf 90' lang='lat' dir='ltr'>sub</span> <span class='ocrx_word' id='word_1_142' title='bbox 806 2942 935 3009; x_wconf 74' lang='lat' dir='ltr'>aequora</span> <span class='ocrx_word' id='word_1_143' title='bbox 947 2918 1051 2987; x_wconf 87' lang='lat' dir='ltr'>tendit</span> <span class='ocrx_word' id='word_1_144' title='bbox 1144 2918 1151 2925; x_wconf 77' lang='grc'>’</span> 
     </span>
     <span class='ocr_line' id='line_1_23' title="bbox 160 3020 900 3112; baseline 0.009 -28"><span class='ocrx_word' id='word_1_145' title='bbox 160 3020 222 3085; x_wconf 88' lang='grc'>750</span> <span class='ocrx_word' id='word_1_146' title='bbox 243 3020 400 3110; x_wconf 71' lang='lat' dir='ltr'>Praecipiti</span> <span class='ocrx_word' id='word_1_147' title='bbox 414 3024 502 3089; x_wconf 89' lang='lat' dir='ltr'>saltn.</span> <span class='ocrx_word' id='word_1_148' title='bbox 531 3023 628 3090; x_wconf 87' lang='lat' dir='ltr'>letum</span> <span class='ocrx_word' id='word_1_149' title='bbox 641 3024 821 3112; x_wconf 78' lang='lat' dir='ltr'>praecedere</span> <span class='ocrx_word' id='word_1_150' title='bbox 833 3027 900 3091; x_wconf 89' lang='lat' dir='ltr'>nati</span> 
     </span>
     <span class='ocr_line' id='line_1_24' title="bbox 244 3126 1018 3195; baseline 0.004 -3"><span class='ocrx_word' id='word_1_151' title='bbox 244 3126 453 3195; x_wconf 80' lang='lat' dir='ltr'>Festinantem</span> <span class='ocrx_word' id='word_1_152' title='bbox 469 3128 604 3195; x_wconf 63' lang='lat' dir='ltr'>mnsam</span> <span class='ocrx_word' id='word_1_153' title='bbox 616 3130 710 3195; x_wconf 86' lang='lat' dir='ltr'>morti</span> <span class='ocrx_word' id='word_1_154' title='bbox 724 3150 790 3195; x_wconf 90' lang='lat' dir='ltr'>non</span> <span class='ocrx_word' id='word_1_155' title='bbox 806 3128 940 3195; x_wconf 87' lang='lat' dir='ltr'>credidit</span> <span class='ocrx_word' id='word_1_156' title='bbox 952 3128 1018 3195; x_wconf 90' lang='lat' dir='ltr'>uni.</span> 
     </span>
     <span class='ocr_line' id='line_1_25' title="bbox 279 3230 1159 3321; baseline 0 -24"><span class='ocrx_word' id='word_1_157' title='bbox 279 3230 459 3297; x_wconf 88' lang='lat' dir='ltr'>Inclinant</span> <span class='ocrx_word' id='word_1_158' title='bbox 445 3253 513 3319; x_wconf 84' lang='lat' dir='ltr'>Jam</span> <span class='ocrx_word' id='word_1_159' title='bbox 525 3230 590 3298; x_wconf 82' lang='lat' dir='ltr'>ista</span> <span class='ocrx_word' id='word_1_160' title='bbox 603 3232 734 3299; x_wconf 84' lang='lat' dir='ltr'>ducum·</span> <span class='ocrx_word' id='word_1_161' title='bbox 747 3255 807 3300; x_wconf 88' lang='lat' dir='ltr'>nec</span> <span class='ocrx_word' id='word_1_162' title='bbox 817 3234 884 3321; x_wconf 86' lang='lat' dir='ltr'>jam</span> <span class='ocrx_word' id='word_1_163' title='bbox 898 3232 1032 3320; x_wconf 81' lang='lat' dir='ltr'>amplius</span> <span class='ocrx_word' id='word_1_164' title='bbox 1044 3249 1159 3317; x_wconf 81' lang='lat' dir='ltr'>anceps</span> 
     </span>
     <span class='ocr_line' id='line_1_26' title="bbox 240 3332 1007 3422; baseline 0.004 -23"><span class='ocrx_word' id='word_1_165' title='bbox 240 3332 319 3399; x_wconf 88' lang='lat' dir='ltr'>Belli</span> <span class='ocrx_word' id='word_1_166' title='bbox 334 3356 422 3400; x_wconf 83' lang='lat' dir='ltr'>casua</span> <span class='ocrx_word' id='word_1_167' title='bbox 435 3346 515 3400; x_wconf 87' lang='lat' dir='ltr'>erat.</span> <span class='ocrx_word' id='word_1_168' title='bbox 547 3334 654 3401; x_wconf 83' lang='lat' dir='ltr'>Graioe</span> <span class='ocrx_word' id='word_1_169' title='bbox 665 3357 738 3422; x_wconf 86' lang='lat' dir='ltr'>pars</span> <span class='ocrx_word' id='word_1_170' title='bbox 751 3340 891 3402; x_wconf 82' lang='lat' dir='ltr'>maxima</span> <span class='ocrx_word' id='word_1_171' title='bbox 903 3335 1007 3401; x_wconf 85' lang='lat' dir='ltr'>classis</span> 
     </span>
     <span class='ocr_line' id='line_1_27' title="bbox 171 3435 957 3529; baseline 0.006 -26.385"><span class='ocrx_word' id='word_1_172' title='bbox 171 3435 409 3527; x_wconf 82' lang='lat' dir='ltr'>Merginrr.</span> <span class='ocrx_word' id='word_1_173' title='bbox 425 3448 473 3503; x_wconf 81' lang='lat' dir='ltr'>ast</span> <span class='ocrx_word' id='word_1_174' title='bbox 486 3438 557 3503; x_wconf 81' lang='lat' dir='ltr'>alite</span> <span class='ocrx_word' id='word_1_175' title='bbox 570 3450 691 3506; x_wconf 84' lang='lat' dir='ltr'>mutato</span> <span class='ocrx_word' id='word_1_176' title='bbox 705 3442 824 3529; x_wconf 87' lang='lat' dir='ltr'>remige</span> <span class='ocrx_word' id='word_1_177' title='bbox 836 3460 957 3529; x_wconf 86' lang='lat' dir='ltr'>puppes</span> 
     </span>
     <span class='ocr_line' id='line_1_28' title="bbox 161 3476 869 3631; baseline 0.007 -26"><span class='ocrx_word' id='word_1_178' title='bbox 161 3476 220 3605; x_wconf 82' lang='grc'>755</span> <span class='ocrx_word' id='word_1_179' title='bbox 240 3540 382 3609; x_wconf 86' lang='lat' dir='ltr'>Victores</span> <span class='ocrx_word' id='word_1_180' title='bbox 395 3562 508 3606; x_wconf 67' lang='lat' dir='ltr'>rexne</span> <span class='ocrx_word' id='word_1_181' title='bbox 522 3564 606 3608; x_wconf 85' lang='lat' dir='ltr'>suos:</span> <span class='ocrx_word' id='word_1_182' title='bbox 620 3542 745 3609; x_wconf 81' lang='lat' dir='ltr'>navalia</span> <span class='ocrx_word' id='word_1_183' title='bbox 757 3564 869 3631; x_wconf 80' lang='lat' dir='ltr'>paucae</span> 
     </span>
     <span class='ocr_line' id='line_1_29' title="bbox 243 3644 1085 3735; baseline 0.001 -23"><span class='ocrx_word' id='word_1_184' title='bbox 243 3645 401 3732; x_wconf 76' lang='lat' dir='ltr'>Praecipiti</span> <span class='ocrx_word' id='word_1_185' title='bbox 415 3657 544 3711; x_wconf 70' lang='lat' dir='ltr'>tenuem</span> <span class='ocrx_word' id='word_1_186' title='bbox 556 3644 641 3735; x_wconf 85' lang='lat' dir='ltr'>suga.</span> <span class='ocrx_word' id='word_1_187' title='bbox 686 3646 768 3725; x_wconf 80' lang='lat' dir='ltr'>Quis</span> <span class='ocrx_word' id='word_1_188' title='bbox 778 3647 813 3713; x_wconf 90' lang='lat' dir='ltr'>in</span> <span class='ocrx_word' id='word_1_189' title='bbox 827 3647 906 3713; x_wconf 86' lang='lat' dir='ltr'>urbe</span> <span class='ocrx_word' id='word_1_190' title='bbox 918 3656 1085 3733; x_wconf 70' lang='lat' dir='ltr'>parcitum</span> 
     </span>
     <span class='ocr_line' id='line_1_30' title="bbox 243 3745 1102 3839; baseline -0.002 -24"><span class='ocrx_word' id='word_1_191' title='bbox 243 3748 347 3816; x_wconf 86' lang='lat' dir='ltr'>Fletus</span> <span class='ocrx_word' id='word_1_192' title='bbox 361 3748 441 3816; x_wconf 72' lang='lat' dir='ltr'>emi</span> <span class='ocrx_word' id='word_1_193' title='bbox 459 3761 594 3837; x_wconf 88' lang='lat' dir='ltr'>quantus</span> <span class='ocrx_word' id='word_1_194' title='bbox 604 3761 742 3818; x_wconf 71' lang='lat' dir='ltr'>manum</span> <span class='ocrx_word' id='word_1_195' title='bbox 757 3772 815 3839; x_wconf 89' lang='lat' dir='ltr'>per</span> <span class='ocrx_word' id='word_1_196' title='bbox 826 3750 933 3819; x_wconf 82' lang='lat' dir='ltr'>littore</span> <span class='ocrx_word' id='word_1_197' title='bbox 946 3745 1102 3837; x_wconf 88' lang='lat' dir='ltr'>planctuai</span> 
     </span>
    </p>
   </div>
   <div class='ocr_carea' id='block_1_5' title="bbox 142 3960 1261 4026">
    <p class='ocr_par' dir='ltr' id='par_1_9' title="bbox 142 3960 1261 4026">
     <span class='ocr_line' id='line_1_31' title="bbox 142 3960 1261 4026; baseline -0.008 -14"><span class='ocrx_word' id='word_1_198' title='bbox 142 3960 509 4026; x_wconf 62' lang='lat' dir='ltr'>mammosa</span> <span class='ocrx_word' id='word_1_199' title='bbox 542 3963 676 4023; x_wconf 61' lang='lat' dir='ltr'>netum</span> <span class='ocrx_word' id='word_1_200' title='bbox 733 3962 1261 4013; x_wconf 64' lang='lat' dir='ltr'>rammam-muman.</span> 
     </span>
    </p>
   </div>
   <div class='ocr_carea' id='block_1_6' title="bbox 142 4041 1261 4272">
    <p class='ocr_par' dir='ltr' id='par_1_10' title="bbox 142 4041 1261 4272">
     <span class='ocr_line' id='line_1_32' title="bbox 142 4041 1261 4116; baseline -0.002 -11"><span class='ocrx_word' id='word_1_201' title='bbox 142 4041 678 4105; x_wconf 59' lang='lat' dir='ltr'>“³¹⁰anme</span> <span class='ocrx_word' id='word_1_202' title='bbox 710 4055 1261 4116; x_wconf 60' lang='lat' dir='ltr'>usnemun-menecratem</span> 
     </span>
     <span class='ocr_line' id='line_1_33' title="bbox 142 4118 790 4183; baseline 0.005 -16"><span class='ocrx_word' id='word_1_203' title='bbox 142 4118 305 4168; x_wconf 64' lang='lat' dir='ltr'>middilm</span> <span class='ocrx_word' id='word_1_204' title='bbox 306 4119 501 4168; x_wconf 80' lang='lat' dir='ltr'>mcverohcmo</span> <span class='ocrx_word' id='word_1_205' title='bbox 484 4118 679 4181; x_wconf 77' lang='lat' dir='ltr'>olpaateatina·</span> <span class='ocrx_word' id='word_1_206' title='bbox 711 4133 790 4183; x_wconf 58' lang='lat' dir='ltr'>rm,</span> 
     </span>
     <span class='ocr_line' id='line_1_34' title="bbox 145 4194 1259 4272; baseline 0.013 -30"><span class='ocrx_word' id='word_1_207' title='bbox 145 4194 254 4251; x_wconf 65' lang='lat' dir='ltr'>tremori</span> <span class='ocrx_word' id='word_1_208' title='bbox 266 4194 387 4245; x_wconf 81' lang='lat' dir='ltr'>acidcirco</span> <span class='ocrx_word' id='word_1_209' title='bbox 397 4196 679 4247; x_wconf 63' lang='lat' dir='ltr'>manutentorem·</span> <span class='ocrx_word' id='word_1_210' title='bbox 743 4216 1000 4267; x_wconf 58' lang='lat' dir='ltr'>&#39;tem—Quanta</span> <span class='ocrx_word' id='word_1_211' title='bbox 1011 4210 1259 4272; x_wconf 61' lang='lat' dir='ltr'>manoperam</span> 
     </span>
    </p>
   </div>
   <div class='ocr_carea' id='block_1_7' title="bbox 143 4272 1261 4509">
    <p class='ocr_par' dir='ltr' id='par_1_11' title="bbox 143 4272 1261 4509">
     <span class='ocr_line' id='line_1_35' title="bbox 144 4272 1261 4355; baseline 0 -20"><span class='ocrx_word' id='word_1_212' title='bbox 144 4272 394 4338; x_wconf 59' lang='lat' dir='ltr'>seminale</span> <span class='ocrx_word' id='word_1_213' title='bbox 371 4280 519 4323; x_wconf 62' lang='lat' dir='ltr'>mort·</span> <span class='ocrx_word' id='word_1_214' title='bbox 489 4274 942 4355; x_wconf 55' lang='lat' dir='ltr'>uwltwwmanswr</span> <span class='ocrx_word' id='word_1_215' title='bbox 943 4286 1176 4350; x_wconf 58' lang='lat' dir='ltr'>meaque«</span> <span class='ocrx_word' id='word_1_216' title='bbox 1150 4285 1261 4335; x_wconf 69' lang='lat' dir='ltr'>mesa·</span> 
     </span>
     <span class='ocr_line' id='line_1_36' title="bbox 143 4354 1034 4428; baseline -0.009 -8"><span class='ocrx_word' id='word_1_217' title='bbox 143 4354 216 4420; x_wconf 59' lang='lat' dir='ltr'>limi·</span> <span class='ocrx_word' id='word_1_218' title='bbox 710 4364 1034 4428; x_wconf 71' lang='lat' dir='ltr'>atplurealrabmteodicea,</span> 
     </span>
     <span class='ocr_line' id='line_1_37' title="bbox 167 4454 1174 4509; baseline -0.003 -10"><span class='ocrx_word' id='word_1_219' title='bbox 167 4456 582 4509; x_wconf 67' lang='lat' dir='ltr'>——aampnsussmn</span> <span class='ocrx_word' id='word_1_220' title='bbox 738 4454 1174 4509; x_wconf 64' lang='lat' dir='ltr'>enmrmpausmpmt</span> 
     </span>
    </p>
   </div>
   <div class='ocr_carea' id='block_1_8' title="bbox 664 4591 720 4644">
    <p class='ocr_par' dir='ltr' id='par_1_12' title="bbox 664 4591 720 4644">
     <span class='ocr_line' id='line_1_38' title="bbox 664 4591 720 4644; baseline -0.036 0"><span class='ocrx_word' id='word_1_221' title='bbox 664 4591 720 4644; x_wconf 73' lang='lat' dir='ltr'>Aa</span> 
     </span>
    </p>
   </div>
   <div class='ocr_carea' id='block_1_9' title="bbox 0 0 1550 5309">
    <p class='ocr_par' dir='ltr' id='par_1_13' title="bbox 0 0 1550 5309">
     <span class='ocr_line' id='line_1_39' title="bbox 0 0 1550 5309; baseline 0 0"><span class='ocrx_word' id='word_1_222' title='bbox 0 0 1550 5309; x_wconf 95' lang='lat' dir='ltr'> </span> 
     </span>
    </p>
   </div>
  </div>
 </body>
</html>
