3092 5309
443 543 811 627 PHARSALIAE
849 543 961 627 LIB.
992 548 1040 629 v.
1244 571 1313 635 asi

278 766 421 856 Excipit:
434 762 608 853 etMsgno
621 760 723 829 isuim
737 760 915 851 penitaque
929 786 1086 855 suumque

279 872 444 962 Imposuit.
459 883 537 937 tunc
550 870 585 935 in
600 890 703 957 reges,
719 867 923 957 populosque
935 886 1095 939 merentes

217 988 258 1047 50
280 982 412 1067 Sparsus
425 977 538 1055 tonos
553 973 719 1064 pelagique
732 976 849 1061 potem
863 972 1017 1043 Phoebeis
1031 977 1125 1047 donis

279 1092 445 1159 Exornata
460 1086 604 1166 Rhodos,
619 1085 780 1177 gelidique
793 1086 914 1153 inculta
921 1087 1073 1175 juventus

279 1194 427 1285 Taygeti:
442 1192 527 1259 fania
540 1202 659 1257 sumes
673 1190 845 1259 laudantur
856 1190 1007 1259 Athenae:

278 1299 492 1387 Massiliaeque
500 1319 566 1363 sure
580 1295 718 1362 donatur
731 1296 832 1363 libera
843 1296 970 1364 Phocis.

277 1404 372 1472 Tunc
387 1402 532 1483 Sedalen,
547 1400 724 1487 scitaque
737 1400 855 1491 Cotyn,
870 1401 1034 1493 fidumque
1043 1427 1202 1492 perarma

212 1524 254 1585 55
277 1518 477 1597 Deiotarum,
487 1528 519 1583 et
528 1513 821 1607 gelidtedcminum
832 1514 1020 1605 Rhasipolin
1034 1540 1102 1588 om

273 1630 482 1699 collaudant:
499 1628 698 1715 Libyamque
701 1626 818 1715 jubent
831 1640 960 1696 auctore
975 1632 1096 1699 Senatu

277 1740 469 1831 Sceptrifero
482 1760 597 1829 parere
610 1736 715 1807 Jubie.
730 1762 793 1828 pro
802 1740 904 1808 tristis
917 1740 996 1809 fatal

278 1848 323 1915 Et
336 1846 395 1914 uui
407 1868 475 1913 non
488 1844 564 1911 lidae
577 1844 691 1936 gentis,
706 1844 889 1935 dign'nsiine
902 1870 1015 1937 regno,

278 1952 443 2033 Fortunae,
459 1950 642 2030 Ptolemae,
653 1950 768 2037 pudor,
784 1950 968 2041 crimenque
982 1954 1141 2040 Deorum,

209 2064 255 2125 60
277 2056 416 2147 Cingere
430 2054 550 2123 Pellieo
564 2074 690 2141 pressos
703 2052 884 2121 diademate
895 2056 998 2125 crines

279 2163 484 2233 Permissum:
500 2182 620 2229 serum
634 2160 669 2227 in
677 2160 812 2248 populos
825 2183 907 2249 puer
915 2164 1033 2251 accipis
1046 2188 1168 2235 ensem:

280 2270 388 2358 Atque
401 2269 525 2337 utinm
539 2268 574 2333 in
587 2264 737 2355 populos!
755 2265 876 2334 domu
888 2280 935 2335 est
948 2276 1038 2360 regu
1051 2272 1147 2364 Lege

281 2374 424 2443 Accessit
438 2370 556 2463 Magni
565 2370 709 2463 jugulus:
724 2392 923 2462 regnumque
937 2375 1038 2441 sorori

280 2478 439 2569 Ereptum
456 2491 515 2558 est,
531 2498 704 2566 soceroque
717 2478 815 2545 nefas.
826 2480 895 2565 jain
909 2479 1003 2547 turbs
1017 2481 1121 2549 soluto

211 2590 257 2653 66
279 2586 382 2653 Arma
394 2583 475 2673 petit
489 2594 587 2665 cretu,
603 2604 677 2672 quae
690 2604 765 2649 cuni
779 2584 966 2673 populique,
981 2586 1141 2677 duceque

280 2691 415 2762 Casibus
427 2690 566 2770 incertis,
580 2701 613 2755 et
626 2710 712 2755 casca
726 2701 812 2755 sorte
824 2702 986 2778 pai-erent,

280 2796 374 2865 Solus
387 2798 423 2863 in
438 2794 592 2883 aucipites
606 2794 720 2861 meuii:
734 2794 927 2863 descendere
942 2799 1054 2865 mamis

280 2908 406 2997 Appius
416 2917 560 2977 mentun
575 2905 738 2995 finemque
751 2929 940 2994 expromere
953 2932 1062 2976 rerum

280 3014 435 3082 Sollicitet
449 3036 590 3102 superos,
606 3012 787 3102 multosque
800 3013 942 3081 obducta
955 3038 1014 3103 per
1028 3038 1133 3085 annos

208 3122 257 3187 70
277 3118 438 3209 Delphica
451 3118 574 3187 fatidici
587 3131 707 3187 reue:
719 3119 894 3207 penetralis
905 3119 1031 3188 Plioebi.

325 3228 487 3315 Hesperio
501 3236 636 3307 tantum,
652 3237 809 3315 quantum
822 3239 961 3293 motus
976 3228 1049 3295 1300

262 3389 267 3405 .
281 3332 431 3413 cardine,
447 3330 621 3399 Parnassus
634 3330 764 3423 gemino
777 3331 859 3420 petit
872 3330 994 3399 :ethera
1004 3333 1096 3414 colle,

279 3438 379 3507 Mons
395 3438 534 3519 Plioebo,
550 3437 746 3527 Bromioque
760 3460 860 3505 sacer:
876 3438 928 3505 cui
943 3438 1075 3507 numine
1088 3440 1183 3507 misto

279 3544 439 3635 Delphica
454 3542 620 3613 Tuumne
630 3543 771 3611 :eruum
784 3542 943 3611 uicterioe
958 3542 1110 3627 Bacchae,

212 3656 259 3719 75
282 3652 360 3719 Hoc
375 3651 478 3717 solum
491 3649 591 3715 fluctu
605 3660 704 3715 terras
721 3658 886 3739 mergente
899 3670 1054 3717 cacumen

280 3756 436 3835 Eminuit,
451 3766 615 3844 pontoque
628 3751 689 3819 fui:
700 3752 871 3821 diarium
884 3766 918 3820 e:
931 3755 1033 3823 uuis
1125 3844 1128 3847 ἢ

281 3860 336 3927 Τιι
348 3882 477 3948 quoque
490 3858 546 3925 rix
560 3878 717 3923 summani
732 3857 881 3924 seductus
894 3858 936 3924 ab
951 3880 1081 3947 :equore
1095 3880 1209 3947 rupem

281 3962 463 4044 Extuleres,
478 3984 607 4051 unoque
616 3964 707 4053 jugo,
725 3962 893 4043 Parnasis,
909 3963 1039 4031 latebas.

281 4074 378 4144 Ultor
390 4074 437 4141 ibi
450 4072 591 4161 expuisse
605 4083 788 4161 premerent
801 4093 876 4139 cuin
889 4072 1011 4138 visoera
1023 4084 1136 4159 partus

158 4266 238 4333 palisi
264 4262 325 4331 cra]
347 4262 438 4323 Scriba
461 4258 732 4317 BHESCUPORIN‚
798 4261 1011 4311 oraemissis.-
1029 4258 1257 4329 saeimssJMsliores
1267 4259 1323 4323 plu·

165 4360 199 4394 u
208 4346 632 4393 'mammemxo'rnorm
650 4348 676 4389 et
684 4352 734 4405 quo
765 4354 851 4407 resque
860 4338 955 4391 ecdicos
966 4342 1112 4391 Permissum
1122 4350 1163 4391 est.

165 4421 283 4551 ff
306 4418 733 4485 ecdicesmtsopicpiiuiacoe·
800 4420 1224 4527 71.—Qummsemmssm
