3092 5309
436 605 806 695 PH‘ARSALIAE
824 607 940 685 LIB·
969 605 1063 686 VII.
1253 621 1327 685 325

382 754 400 791 Κ

299 832 456 901 Romulus
468 830 580 899 infami
593 828 763 917 complevit
776 830 895 895 moenia
908 828 1000 910 luco,

300 940 410 1027 Usque
424 939 466 1005 ad
482 936 677 1004 Thessalicas
692 936 846 1014 servisses,
871 936 989 1013 Romm
1010 934 1128 1000 minas.

212 1052 276 1109 sto
299 1044 352 1110 De
368 1043 485 1120 Brutis,
510 1042 663 1119 Fortuna,
687 1061 812 1128 queror.
840 1039 917 1127 qnid
932 1052 1078 1126 tempora
1090 1039 1209 1129 legum·

299 1148 443 1238 Egimus,
466 1160 522 1213 aut
537 1169 637 1213 annos
651 1170 671 1211 a
687 1144 826 1211 Consule
840 1166 958 1210 nomen
972 1142 1149 1211 habentes?

301 1260 421 1327 Felices
436 1260 567 1337 Arabes,
592 1257 757 1345 Medique,
783 1256 914 1345 anque
928 1256 1046 1336 tellus,

160 1410 164 1421 ·
299 1367 407 1444 Quare
421 1364 480 1431 sub
494 1363 653 1451 perpetuis
667 1375 838 1430 tenuerunt
851 1362 915 1429 iata
930 1362 1100 1450 Tyrannis.

299 1478 353 1543 Ex
366 1476 502 1563 populis,
525 1476 580 1564 qui
595 1498 693 1565 regna
706 1475 821 1554 ierunt,
844 1498 912 1540 sors
923 1474 1033 1541 ultima
1047 1484 1155 1541 nostra
1168 1485 1227 1554 est,

212 1591 276 1648 445
300 1584 393 1661 Quos
406 1582 521 1647 servire
535 1580 643 1667 pudet.
682 1582 764 1647 Sunt
778 1579 870 1645 nobis
883 1580 969 1647 nulla
982 1580 1124 1667 proiecto

301 1687 453 1754 Numina:
477 1708 550 1753 oum
565 1708 651 1751 coeco
664 1686 829 1773 rapiantur
842 1687 944 1753 secula
957 1708 1041 1766 casu,
1128 1712 1133 1726 *

301 1792 480 1859 Mentimur
493 1814 627 1880 regnare
640 1792 763 1857 Jovem.
786 1792 940 1879 spectabit
953 1792 995 1857 ab
1009 1792 1074 1859 nlto

301 1896 436 1964 AEthere
450 1894 655 1976 theodicus,
677 1909 784 1963 teneat
797 1918 871 1963 cnm
884 1896 1027 1976 fulmina,
1050 1894 1193 1963 cedat·

302 2002 428 2068 Scilicet
442 2001 509 2086 ipse
521 2010 607 2087 petet
623 1998 785 2065 Pholoin?
805 2012 891 2087 petet
903 2002 1032 2091 ignibus
1046 2002 1160 2080 OEten,

211 2116 277 2175 450
302 2110 535 2197 Immeritaeque
547 2130 659 2175 nemus
675 2108 861 2196 Rhodopes,
883 2110 1040 2197 pinusque
1054 2106 1241 2177 minanteis?

189 2210 190 2215 ’
302 2212 428 2279 Cassim
442 2213 505 2277 hoc
518 2214 623 2299 potius
636 2210 725 2277 feriet
740 2210 855 2299 caput?
875 2225 959 2278 astra
973 2212 1125 2301 Thyestae

303 2316 453 2395 Abstulit,
476 2329 509 2383 et
523 2316 632 2382 subitis
646 2316 809 2383 damnarit
822 2315 968 2382 noctibus
983 2317 1106 2406 Argos:

301 2422 369 2487 Tot
383 2421 497 2489 similes
509 2420 642 2489 fratrum
656 2420 789 2511 gladios,
812 2431 1001 2508 patrumque
1013 2422 1151 2511 gerenti*

300 2526 476 2592 'Ihessalioe
489 2525 579 2592 dabit
592 2524 771 2591 illediem?
791 2525 938 2593 mortalia
951 2525 1029 2591 nulli

213 2637 278 2696 455
303 2632 385 2698 Sunt
399 2642 509 2697 curata
523 2630 605 2697 Deo.
636 2630 732 2697 cladis
748 2644 854 2697 tamen
869 2630 963 2720 hujus
976 2629 1130 2701 habemns

302 2736 499 2816 Vindictam,
521 2748 673 2823 quantam
687 2736 779 2803 terris
792 2736 869 2803 dare
878 2737 1011 2803 nentina
1023 2738 1071 2804 fas
1084 2748 1141 2806 est.

303 2842 393 2908 Bella
406 2864 499 2929 pares
515 2840 643 2927 Superis
656 2840 773 2908 heient
786 2840 887 2907 civilia
900 2841 1010 2907 divos:

305 2946 503 3013 Fulminibus
516 2967 634 3025 martes,
657 2946 816 3033 radiisque
828 2944 968 3025 ornabit,
987 2958 1020 3012 et
1033 2947 1135 3027 astris,

304 3049 407 3138 Inque
423 3050 534 3116 Deum
545 3048 671 3135 templis
677 3049 801 3136 jurabit
816 3050 922 3115 &ma
935 3072 993 3137 per
1005 3050 1144 3117 umbras.

215 3159 281 3219 460
349 3154 398 3219 Ut
411 3152 524 3240 rapido
537 3151 698 3219 cumulati
709 3176 856 3240 suprema
869 3165 1046 3221 morantem

305 3259 515 3325 Consumsere
528 3258 650 3324 locum:
672 3280 771 3345 parva
784 3258 893 3325 tellure
906 3258 1044 3338 diremti,

166 3452 168 3457 Ι
305 3362 386 3429 inde
399 3385 530 3430 manum
544 3372 694 3451 spectem,
718 3362 884 3451 vultusque
897 3386 1067 3455 agnoscere
1080 3378 1240 3455 qnoemnt,

307 3476 383 3553 Quo
397 3499 453 3542 sua
465 3474 531 3563 pila
544 3474 668 3554 cadant,
692 3486 747 3542 aut
760 3497 826 3562 qua
839 3476 898 3541 sihi
912 3476 977 3543 hta
990 3478 1160 3560 minentur,

306 3582 434 3648 Facturi
448 3602 521 3669 quas
535 3592 679 3647 monstra
692 3579 811 3647 forent·
836 3582 944 3648 ridere
956 3595 1102 3670 parentes

218 3701 283 3758 465
308 3694 478 3761 Frontibus
493 3694 642 3775 adversis,
665 3694 867 3785 fraternaque
879 3697 1056 3763 comminus
1069 3718 1168 3778 arma,

199 3904 241 3957 ate
262 3904 351 3968 purtim
363 3905 428 3968 apud
445 3907 539 3965 Po'e'tas,
559 3908 667 3958 Fortuna
676 3918 749 3971 atara,
782 3909 847 3960 nitra
857 3910 958 3975 Scytha,
970 3920 1073 3959 nttrana
1083 3911 1199 3960 Rhenum
1211 3912 1335 3965 Germani

198 3999 306 4043 manere,
318 3982 434 4041 recedere,
445 4000 520 4041 ruere,
537 3984 645 4035 occides
656 3986 750 4035 dicitur.
784 3988 857 4037 Ultra
870 3988 965 4052 'ligrim
981 3998 1045 4039 uerte
1060 3989 1144 4037 Parthi
1166 3992 1334 4053 reguhanm,

200 4063 250 4113 lies
260 4078 290 4111 ea
308 4062 379 4111 Floro
395 4073 468 4126 patet,
485 4063 501 4111 i.
516 4069 536 4113 l.
548 4065 626 4126 Prope
647 4069 697 4114 2⁵0
707 4080 750 4113 an-
783 4080 834 4114 non
850 4076 932 4114 antem
946 4065 1015 4115 liberi
1029 4076 1104 4116 mant.
1136 4066 1222 4130 ltaque
1236 4069 1338 4131 opponit

196 4158 241 4191 nos
256 4158 314 4191 cum
336 4142 458 4192 Finitimia
477 4143 581 4192 luctatus
590 4152 633 4200 est,
651 4158 693 4204 per
703 4148 753 4193 250
784 4142 894 4190 Tacituar
910 4145 991 4191 amtor
1005 4144 1182 4205 Amasngm
1207 4144 1337 4195 Gemo-

196 4220 379 4269 annosltaliam
389 4218 753 4285 auhem'tdehineadcmarem
785 4235 842 4268 rara
850 4220 951 4267 litem
983 4218 1090 4267 Grotius.

198 4301 339 4363 Augentum
351 4302 401 4347 200
412 4299 477 4355 anni,
488 4297 575 4363 quibua
584 4308 662 4347 totum
670 4300 753 4349 orbem
819 4302 875 4346 440.
889 4322 956 4335 -
966 4299 1029 4353 Qrsr'd
1039 4306 1144 4359 temporo
1153 4299 1233 4360 Ιεςιιηι

196 4376 296 4439 pacarit.
330 4370 332 4373 ’
885 4374 992 4437 Epirum
1008 4382 1052 4423 ost
1062 4390 1139 4422 aanor
1154 4391 1169 4422 n
1184 4378 1281 4425 maele
1295 4392 1336 4425 no·

229 4464 285 4507 ⁴53.
303 4460 417 4513 Libertas,
433 4460 497 4506 altra
517 4460 618 4521 Tigrim,
630 4460 750 4509 Maar-
784 4453 989 4519 mutentur]
1005 4453 1058 4501 Lir.
1072 4451 1143 4501 initio
1163 4452 1338 4505 truttmunt

197 4554 241 4602 que
253 4534 365 4601 recessit]
383 4534 459 4591 Quasi
474 4534 545 4593 dieat,
564 4534 626 4585 ultra
636 4536 752 4585 minos
773 4532 829 4594 ,ium
840 4536 896 4582 liae
910 4534 995 4595 papali
1006 4533 1111 4580 Rosam
1119 4547 1157 4580 m
1168 4547 1227 4594 pace
1236 4532 1337 4596 belloque

200 4617 298 4681 Imperii
316 4616 430 4666 Rotnani.
464 4616 513 4667 sed
530 4632 587 4666 rura
603 4616 667 4665 intra
686 4616 752 4666 dieat
781 4622 864 4673 gana
875 4612 1131 4673 aaaarrmgtumras,
1143 4611 1295 4674 incertaque.
1304 4613 1340 4660 1⁶·

201 4694 329 4743 Germania
347 4704 373 4743 et
395 4694 490 4757 Scythis
506 4710 640 4743 conmeam
658 4693 752 4743 liberta·
782 4704 840 4751 gun
852 4690 983 4751 potentiora
998 4706 1072 4755 wora
1087 4692 1207 4739 taraiasa
1217 4704 1337 4753 peragura.

198 4778 254 4829 tem,
261 4786 343 4821 vereor
350 4787 382 4821 na
393 4772 530 4821 Torror'arsit
537 4770 673 4836 legendum.
680 4786 754 4837 quem
786 4764 894 4817 Grotius·
