3092 5309
288 602 362 674 416
581 595 640 672 M.
682 595 889 676 ANNAEI
924 597 1155 678 LUCANI

399 805 570 874 Murmure
583 809 746 889 melmun,
768 833 829 877 nec
841 811 898 878 dat
911 811 1045 898 suspiria
1057 833 1168 878 cursus

399 910 558 990 Vulneris,
580 925 636 980 aut
649 913 815 980 minimum
828 915 992 1001 paduntur
1003 913 1068 981 fata
1082 925 1196 986 tacere·
1224 953 1229 960 ·

312 1023 377 1084 9³0
400 1017 501 1104 Saepe
513 1017 643 1104 quidem
656 1019 752 1105 pestis
765 1019 864 1108 nigris
877 1021 995 1085 inserta
1007 1018 1154 1085 medullis

400 1119 578 1188 Excantata
587 1121 687 1214 fugit:
710 1124 765 1190 sed
780 1125 807 1190 ai
821 1124 907 1211 quod
920 1123 1042 1190 tardius
1055 1123 1146 1190 audit

397 1233 505 1312 Virus,
527 1246 560 1299 et
573 1233 724 1313 elicitum,
741 1235 926 1321 jussumque
939 1233 1027 1300 exire
1041 1245 1224 1324 repugnata

398 1335 494 1404 Tunc
508 1339 786 1424 superincumbens
798 1337 948 1425 pallentia
961 1339 1091 1405 vulnera
1103 1337 1228 1416 lambit,

396 1441 465 1508 Ore
478 1465 599 1509 venena
612 1443 751 1523 trahens,
773 1455 807 1508 et
819 1444 915 1508 siccat
927 1443 1075 1509 dentibus
1089 1457 1186 1522 aran,

311 1551 375 1612 995
390 1545 638 1634 Extractamque
651 1559 761 1613 tenena
773 1545 881 1636 gelide
893 1547 935 1613 de
945 1569 1079 1634 corpore
1092 1559 1231 1613 mortem

397 1650 536 1738 Expuit:
559 1665 591 1718 et
601 1653 689 1740 cnjus
702 1673 825 1718 morsus
838 1651 1033 1738 superaverit
1045 1652 1171 1740 unguis,

396 1755 469 1823 Jam
483 1768 667 1843 promptum
683 1757 795 1846 Psyllis
806 1756 857 1822 vel
869 1769 965 1846 gustu
979 1777 1071 1821 nosse
1085 1755 1211 1821 veneni.

399 1859 476 1926 Hoc
489 1861 586 1948 igitur
600 1861 697 1928 levior
725 1859 854 1926 tandem
871 1861 1018 1926 Romana
1027 1861 1177 1946 juventus

398 1963 539 2044 Auxilio,
556 1965 616 2050 late
630 1963 844 2052 squalentibus
858 1977 944 2031 errat
957 1965 993 2029 in
1007 1965 1099 2030 arvis.

312 2073 378 2135 940
401 2069 456 2136 Bis
470 2069 578 2156 positis
593 2069 715 2135 Phoebe
728 2069 874 2148 flammis,
895 2069 945 2134 bis
959 2069 1029 2134 luce
1040 2080 1166 2156 recepta

401 2172 491 2240 Vidit
504 2175 706 2264 arenivagum
721 2195 852 2264 surgens
861 2172 1051 2262 fugiensque
1065 2164 1233 2241 Catenem

441 2277 644 2368 Jamqueillis
658 2279 767 2368 magis,
790 2290 885 2366 atque
898 2279 998 2367 magis
1011 2278 1177 2346 durescere
1200 2277 1304 2367 pulvis

281 2389 285 2394 '
399 2383 515 2470 cepit,
538 2397 570 2450 et
583 2384 618 2450 in
632 2395 748 2450 terram
765 2383 867 2470 Libye
880 2383 1012 2469 spissata
1023 2382 1137 2450 redire

397 2487 534 2578 Jamque
543 2489 654 2576 procul
668 2509 835 2554 nemorum
848 2509 931 2553 raras
940 2509 974 2553 se
987 2487 1098 2554 tollere
1111 2487 1264 2556 frondesr

312 2597 376 2658 945
400 2593 542 2683 Surgere
554 2605 705 2682 congesto
718 2614 784 2658 non
798 2591 882 2659 culta
895 2592 1156 2679 mapaliaculmo.

401 2697 533 2776 Quanta
545 2696 633 2764 dedit
641 2699 760 2764 miseris
773 2697 911 2764 melioris
924 2698 1042 2786 gaudia
1055 2711 1164 2778 terre,

399 2803 482 2872 Cum
496 2803 635 2890 primum
649 2824 748 2868 suevos
761 2813 874 2868 contre
887 2801 993 2866 videre
1008 2801 1115 2868 leones
1130 2801 1139 2867 l

400 2913 554 2984 Proxima
567 2915 677 3002 Leptis
691 2927 770 2994 erat,
792 2915 881 3001 cnjus
890 2914 1026 2980 dadone
1034 2914 1142 3002 quieta

397 3020 543 3112 Exegere
556 3019 701 3109 hyemem
715 3019 833 3086 nimbis
845 3019 1043 3107 flammisque
1056 3029 1229 3087 carentem.

312 3131 378 3194 950
444 3127 552 3192 Coesar
566 3137 602 3192 ut
614 3123 763 3192 Emathia
776 3125 907 3190 satiatm
921 3122 1012 3190 clade
1027 3125 1165 3205 recessit,

401 3229 528 3298 Cretera
542 3252 689 3298 curmum
702 3229 833 3317 pmjecit
848 3228 1003 3316 pondera,
1025 3229 1084 3294 soli

397 3335 543 3404 Intentus
556 3357 691 3426 genero:
714 3336 804 3420 cujus
817 3334 950 3424 vestigia
961 3332 1080 3400 flustra

396 3441 507 3508 Terris
520 3464 627 3530 sparsa
640 3441 754 3530 legens,
777 3439 862 3506 fama
874 3439 956 3506 duee
966 3438 1236 3520 tenditinundm,

395 3545 621 3635 Threiciasque
629 3545 707 3636 legit
717 3545 833 3624 fauces,
855 3557 888 3610 et
901 3565 1010 3612 amore
1018 3555 1165 3611 notatum

306 3657 371 3716 955
395 3649 532 3738 lllquor,
547 3663 580 3716 et
596 3651 696 3718 Eroas
708 3651 885 3738 lacrymoso
899 3648 1005 3715 littore
1018 3660 1134 3738 turrea,

395 3753 472 3833 Qua
482 3755 594 3846 pelago
603 3775 719 3820 nomen
735 3755 923 3842 Nepheleias
937 3754 1068 3820 abstulit
1082 3753 1191 3821 Helle.

393 3860 469 3927 Non
485 3860 595 3926 Asiam
609 3859 759 3926 brevioris
773 3881 865 3946 aquae
875 3859 1074 3925 disterminat
1087 3881 1222 3947 nsquam

395 3965 525 4034 Fluctus
539 3965 580 4032 ab
595 3965 737 4052 Europa,
759 3965 903 4053 quamvis
918 3963 1097 4052 Byzantion
1110 3977 1200 4031 arcto

318 4169 373 4217 92⁵.
384 4169 451 4219 Naar
462 4171 568 4232 primun
578 4176 641 4218 netu
649 4169 755 4230 dertgm
766 4182 836 4216 m·
867 4165 893 4214 lc
903 4172 932 4214 ut
941 4162 1046 4227 τιμίω,
1057 4173 1100 4214 aut
1109 4163 1234 4215 tantillum
1244 4175 1325 4216 tacut
1350 4166 1404 4216 Gra·
1508 4158 1510 4225 l

283 4243 326 4291 dra
337 4245 430 4311 ΝΜ]
447 4245 515 4310 Ῑιεῠ
526 4248 668 4308 &migrat-
678 4243 744 4294 Plin.
754 4243 835 4292 xxvitt
869 4243 924 4292 tius.

285 4323 308 4370 7.
325 4325 615 4390 Incipientufirumtcr
629 4333 665 4374 ter
684 4321 836 4388 remigum
899 4325 955 4374 935.
979 4322 1175 4389 Eurumque]
1202 4322 1270 4388 lege
1293 4331 1403 4376 men.

273 4401 361 4466 ,ieiuna
371 4406 452 4454 ultas.
866 4400 1007 4451 ntuuiit.
1019 4405 1058 4452 97.
1069 4401 1157 4467 Neque
1168 4402 1400 4468 nimquam,
1507 4416 1509 4419 ·

314 4485 447 4530 928.—
459 4483 757 4545 decemremem
865 4477 1246 4543 collinuntranecaeesrgmea

386 4559 498 4616 Vulneris.
514 4568 557 4608 aar
572 4561 694 4608 ahimam
703 4559 834 4621 partemue
897 4563 954 4611 9³⁷.
969 4564 1025 4612 Just
1030 4572 1149 4626 proaem
1160 4561 1260 4629 Psyllis]
1270 4561 1331 4624 lage
1339 4558 1396 4620 Pei·
1506 4590 1508 4621 .

269 4631 441 4702 fistulam]
458 4635 515 4686 Neu
527 4643 555 4685 ut
573 4643 630 4684 ante
639 4637 705 4691 dunt,
723 4637 833 4696 ahad,
864 4639 894 4687 la.
1049 4672 1052 4677 >

282 4709 833 4778 nsdadnegeturcursuaeumdtsensua
899 4712 1398 4769 mammaemammata

282 4787 428 4840 celeritatem
438 4791 543 4842 vulneris
553 4805 604 4842 non
614 4790 836 4857 pemiauePsy17
870 4793 967 4861 Mul
995 4795 1049 4848 alu
1069 4795 1164 4847 radices
1190 4797 1321 4850 Venerutste.
1358 4785 1396 4838 Sed
1505 4800 1506 4819 ¹
