3092 5309
294 577 366 641 282
394 634 405 661 ,
565 566 622 643 M.
658 568 865 651 ANNAEI
898 574 1120 657 LUCANI
1147 590 1153 607 '

484 776 691 861 Thessaliam,
707 806 770 871 qua
784 798 873 872 parte
882 788 966 856 diem
976 791 1169 861 brumalibus
1178 794 1263 864 horis

421 882 547 949 Attollit
561 884 667 965 Titan,
684 910 776 975 rupes
791 890 901 959 Ossaea
913 902 1045 963 coercet

335 992 398 1049 855
423 986 505 1051 Cum
519 1010 576 1073 per
590 1012 711 1057 summa
721 994 785 1079 poli
800 995 956 1065 Pboebum
970 1000 1066 1067 trahit
1079 1002 1172 1069 altior
1184 1017 1284 1084 testas

420 1088 530 1155 Pelion
545 1096 678 1179 opponit
691 1097 786 1164 radiis
795 1104 991 1169 nascentibus
1002 1107 1137 1173 umbras.

421 1194 468 1260 At
480 1197 600 1263 medios
610 1201 698 1289 ignes
706 1202 786 1281 coeli,
802 1206 965 1295 rabidique
979 1210 1096 1277 Leonis

422 1302 588 1369 Solstitiale
602 1322 697 1392 ceput
710 1331 891 1378 nemorosus
904 1315 1067 1381 submovet
1086 1316 1214 1405 Othrys.

421 1408 550 1502 Excipit
563 1416 707 1485 adversos
724 1421 893 1510 Zephyros,
907 1439 940 1492 et
953 1428 1077 1517 Iapyga
1092 1428 1222 1508 Pindus,

333 1523 397 1581 840
420 1518 464 1583 Et
477 1534 633 1587 mamrato
646 1526 791 1609 praecidit
804 1550 930 1615 vespere
944 1531 1054 1597 lucem.

419 1624 488 1690 Nec
498 1640 639 1693 metuens
649 1631 704 1694 imi
721 1630 845 1698 Borean
859 1635 1015 1702 habitator
1029 1637 1162 1724 Olympi

417 1729 591 1796 Lucentem
605 1734 678 1797 totis
691 1735 817 1823 igneum
829 1740 972 1807 noctibus
987 1743 1120 1807 Arcton.
1174 1790 1179 1799 ·

418 1832 491 1897 Hos
505 1835 722 1903 intermontes
736 1842 840 1906 media
852 1844 907 1929 qui
920 1844 997 1910 valle
1010 1856 1207 1930 premuntur,

420 1937 583 2023 Perpetuis
597 1942 756 2027 quondam
769 1944 889 2009 latuere
902 1947 1068 2032 paludibus
1084 1952 1170 2037 agri:

255 2113 259 2120 ¹
332 2047 394 2105 845
419 2040 566 2107 Flumine
579 2042 656 2109 dum
671 2047 775 2133 campi
788 2047 934 2128 retinent,
949 2073 1008 2117 nee
1021 2053 1128 2137 pervia
1142 2053 1263 2140 Tempe

417 2144 509 2211 Dant
522 2148 624 2213 aditus
637 2148 758 2238 pelago,
775 2163 982 2243 stagnumque
994 2156 1193 2241 implentibus
1206 2159 1298 2224 undis

415 2249 563 2319 Crescere
576 2276 683 2320 curans
697 2268 772 2322 erat.
795 2272 959 2345 postquam
973 2260 1111 2327 discessit
1126 2261 1264 2349 Olympo

414 2356 575 2425 Hercules
587 2362 690 2448 gravis
706 2362 787 2429 Ossa
799 2386 906 2444 manu,
921 2367 1094 2455 subitaque
1107 2369 1236 2434 ruinam·

415 2463 519 2527 Sensit
533 2486 623 2550 aquae
638 2464 777 2533 Nereus:
801 2468 912 2535 melius
924 2494 1072 2539 mansura
1086 2473 1143 2539 sub
1158 2472 1258 2553 undis,

326 2571 390 2629 850
413 2564 556 2631 Emathis
565 2570 702 2655 aequorei
716 2593 850 2661 regnam
865 2574 1031 2643 Pharsalos
1045 2574 1178 2643 Achillis
1308 2592 1311 2597 '

411 2668 548 2749 Eminet,
561 2686 593 2738 et
604 2675 707 2760 prima
723 2676 870 2746 Rhoeteia
882 2682 989 2749 littora
1000 2686 1079 2769 pinu

411 2772 495 2849 Quae
509 2774 612 2863 tetigit
626 2777 772 2865 Phylace,
790 2781 982 2873 Pteleosque,
997 2800 1030 2853 et
1043 2786 1169 2853 Dorion
1182 2788 1229 2855 ira

410 2876 530 2943 Flebile
545 2878 724 2960 Pieriduma
748 2883 899 2965 Trachin,
913 2892 1077 2978 pretioque
1090 2892 1237 2959 nefanda

408 2981 589 3069 Lampados
603 2985 771 3052 Herculeis
784 2988 871 3056 fortis
886 2993 1037 3061 Meliboea
1051 2996 1225 3081 pharetris:

323 3088 386 3147 355
411 3084 516 3173 Atque
526 3087 602 3152 olim
618 3089 743 3155 Larissa
756 3106 886 3177 potens:
908 3096 964 3163 ubi
979 3100 1085 3165 nobile
1098 3100 1261 3187 quondam

409 3189 504 3255 Nunc
519 3213 614 3276 snper
625 3194 729 3281 Argos
745 3210 854 3263 arant:
876 3213 994 3273 veteres
1008 3203 1063 3268 ubi
1075 3204 1181 3269 fabula
1195 3202 1319 3270 Thebas

406 3294 566 3361 Monstrat
582 3296 766 3363 Echionias:
789 3302 844 3367 ubi
858 3306 1017 3391 quondam
1033 3307 1190 3373 Pentheos
1204 3307 1277 3374 exul

407 3400 498 3466 Colla
510 3414 665 3491 caputque
678 3403 780 3473 ferens
792 3430 937 3494 supremo
950 3412 1079 3477 tradidit
1092 3413 1173 3501 igni,

326 3624 380 3670 545.
400 3620 618 3670 Hcsr'atermcrrtes
633 3625 711 3672 madia
726 3626 768 3687 qai
781 3629 839 3677 aare
876 3633 955 3681 Unam
964 3642 1080 3695 tregam
1094 3632 1235 3695 quoomaia
1249 3595 1398 3683 flammica-
1504 3615 1505 3658 1

291 3694 451 3762 prementum]
470 3695 652 3758 effingendam,
871 3720 1000 3771 vemat,
1017 3720 1041 3759 et
1056 3713 1208 3773 repressum
1231 3711 1315 3761 educet
1331 3708 1399 3760 tumr·

339 3802 434 3819 ...-.
442 3785 509 3824 nasuta
519 3785 576 3827 QUA
583 3786 768 3837 nmprenuotur.
872 3787 950 3845 nibet,
960 3800 988 3837 ut
997 3804 1170 3850 rupenacuum
1177 3790 1209 3837 sit
1218 3788 1276 3839 illud
1288 3786 1396 3837 UNDlst

326 3864 383 3907 546.
394 3860 654 3926 Demadnuspetogq]
682 3862 763 3911 Immo
770 3866 837 3925 pela-
870 3868 980 3933 quodque
990 3871 1059 3919 tertio
1069 3870 1155 3919 abhinc
1165 3886 1234 3918 versa
1244 3869 1340 3919 recurrit.
1355 3868 1396 3915 Ar·

292 3941 324 4001 μ’,
337 3936 444 3984 uthabet
456 3935 512 3983 MS.
524 3935 553 3984 P.
566 3946 590 3983 et
602 3937 632 3985 li.
644 3938 675 3987 A.
702 3940 837 3990 Mariandi-
869 3953 926 4008 gnta
941 3955 1028 4003 autem,
1042 3950 1308 3997 stammam.-
1324 3954 1393 3994 utm-

292 4012 546 4065 turerantintercluti·
575 4014 679 4065 Grotius.
706 4017 835 4069 ltaaare
867 4039 911 4085 pra
922 4030 976 4073 105.
987 4028 1262 4075 artemaumtestmra
1273 4026 1394 4084 ΜΨ

290 4098 345 4157 tagi.
367 4093 431 4141 Nam
441 4092 587 4154 Pelagonem
598 4103 664 4149 meet,
677 4096 835 4161 Dnntjlum'·
864 4118 918 4163 gere
917 4102 1002 4165 feam
1013 4112 1069 4151 erat.
1144 4162 1147 4167 .

290 4174 358 4220 nitar
375 4172 495 4217 editurud
510 4171 610 4232 pelagus,
628 4170 703 4233 (quod
721 4175 837 4223 mutantia
898 4182 954 4228 554.
980 4202 1047 4219 --
1066 4180 1190 4229 Herculeis
1208 4180 1280 4243 sertr'a
1301 4178 1391 4227 uenter

291 4249 330 4297 bic
340 4246 456 4308 postulat)
476 4246 517 4295 sed
532 4246 590 4295 dant
608 4248 693 4311 pelago
709 4249 788 4299 aditus
803 4255 836 4300 ad
862 4259 1008 4323 pamerras]
1018 4257 1232 4321 codicupleriqpa
1242 4272 1319 4307 m„
1327 4256 1392 4315 &ge-
1504 4245 1505 4288 1

281 4329 397 4393 flumine.
434 4325 521 4373 Noster
536 4324 583 4373 viii.
594 4330 634 4376 45.
655 4328 734 4377 Habet
743 4332 835 4379 editam
867 4340 905 4393 tir,
914 4337 979 4401 qarod
989 4338 1028 4386 bic
1038 4338 1125 4385 melius
1135 4338 1251 4394 conruit,
1262 4335 1297 4385 vel
1306 4337 1334 4384 ab
1342 4328 1391 4381 ntur

287 4418 394 4460 uenture
403 4410 431 4456 ta
441 4411 527 4457 maru
533 4408 615 4469 famer.
633 4409 696 4457 Casu
708 4419 735 4457 ut
744 4411 785 4459 hic
794 4428 837 4473 pa·
868 4419 953 4465 Fortia.
974 4414 1098 4464 Fortitudo
1107 4415 1175 4463 enim
1184 4431 1214 4463 er
1224 4414 1315 4479 ngittb
1325 4409 1391 4475 {³⁰⁶⁸

288 4488 341 4535 trio.
364 4486 439 4535 Porro
458 4494 545 4542 autem,
561 4501 605 4547 pro
631 4488 713 4544 Undis,
729 4487 836 4553 plerique
867 4508 939 4556 quam
950 4508 979 4541 er
990 4493 1105 4553 pharetris
1114 4501 1263 4541 moranum

287 4574 370 4613 omnes
387 4560 479 4610 codices
497 4564 591 4619 habam,
900 4574 956 4621 855.
973 4571 1049 4634 Atque
1064 4574 1123 4621 otim
1131 4573 1324 4634 imaum:
1334 4588 1379 4603 ··-

308 4670 450 4685 --
460 4654 593 4702 annumque
606 4652 736 4703 tmphtb'bus
746 4652 830 4695 Um
960 4650 1144 4740 —repqt'aaet
1153 4643 1387 4737 Agcne.]Hiqrrint!1¹

306 4710 538 4753 &mmm
859 4725 1384 4789 versaremihispururrdentur,Iuturnaeum
