<?xml version="1.0" encoding="UTF-8"?>
<!DOCTYPE html PUBLIC "-//W3C//DTD XHTML 1.0 Transitional//EN"
    "http://www.w3.org/TR/xhtml1/DTD/xhtml1-transitional.dtd">
<html xmlns="http://www.w3.org/1999/xhtml" xml:lang="en" lang="en">
 <head>
  <title>
</title>
<meta http-equiv="Content-Type" content="text/html;charset=utf-8" />
  <meta name='ocr-system' content='tesseract 3.04.00' />
  <meta name='ocr-capabilities' content='ocr_page ocr_carea ocr_par ocr_line ocrx_word'/>
</head>
<body>
  <div class='ocr_page' id='page_1' title='image "./mannaeilucaniph01ginggoog_0435.png"; bbox 0 0 3092 5309; ppageno 0'>
   <div class='ocr_carea' id='block_1_1' title="bbox 420 560 1276 642">
    <p class='ocr_par' dir='ltr' id='par_1_1' title="bbox 420 560 1276 642">
     <span class='ocr_line' id='line_1_1' title="bbox 420 560 1276 642; baseline -0.001 -1"><span class='ocrx_word' id='word_1_1' title='bbox 420 560 775 642; x_wconf 80' lang='lat' dir='ltr'><strong>PHARSALIAE</strong></span> <span class='ocrx_word' id='word_1_2' title='bbox 809 561 921 638; x_wconf 79' lang='lat' dir='ltr'><strong>LI‘B.</strong></span> <span class='ocrx_word' id='word_1_3' title='bbox 960 563 1032 640; x_wconf 86' lang='lat' dir='ltr'><strong>IX.</strong></span> <span class='ocrx_word' id='word_1_4' title='bbox 1199 575 1276 642; x_wconf 74' lang='grc'><strong>419</strong></span> 
     </span>
    </p>
   </div>
   <div class='ocr_carea' id='block_1_2' title="bbox 149 767 1232 3906">
    <p class='ocr_par' dir='ltr' id='par_1_2' title="bbox 255 767 1064 860">
     <span class='ocr_line' id='line_1_2' title="bbox 255 767 1064 860; baseline -0.005 -22"><span class='ocrx_word' id='word_1_5' title='bbox 255 769 453 838; x_wconf 69' lang='lat' dir='ltr'><strong>Thessaliam</strong></span> <span class='ocrx_word' id='word_1_6' title='bbox 468 767 610 860; x_wconf 73' lang='lat' dir='ltr'><strong>Magnus</strong></span> <span class='ocrx_word' id='word_1_7' title='bbox 623 789 768 856; x_wconf 70' lang='lat' dir='ltr'><strong>qrmrens</strong></span> <span class='ocrx_word' id='word_1_8' title='bbox 782 789 931 854; x_wconf 82' lang='lat' dir='ltr'><strong>reparare</strong></span> <span class='ocrx_word' id='word_1_9' title='bbox 943 769 1064 852; x_wconf 85' lang='lat' dir='ltr'><strong>ruinas,</strong></span> 
     </span>
    </p>

    <p class='ocr_par' dir='ltr' id='par_1_3' title="bbox 149 872 1178 1172">
     <span class='ocr_line' id='line_1_3' title="bbox 149 872 1036 962; baseline -0.007 -18"><span class='ocrx_word' id='word_1_10' title='bbox 149 885 235 944; x_wconf 78' lang='lat'><strong>1020</strong></span> <span class='ocrx_word' id='word_1_11' title='bbox 257 875 344 942; x_wconf 85' lang='lat' dir='ltr'><strong>Ense</strong></span> <span class='ocrx_word' id='word_1_12' title='bbox 354 875 439 961; x_wconf 87' lang='lat' dir='ltr'><strong>jacet</strong></span> <span class='ocrx_word' id='word_1_13' title='bbox 452 883 579 940; x_wconf 85' lang='lat' dir='ltr'><strong>nostro:</strong></span> <span class='ocrx_word' id='word_1_14' title='bbox 602 883 694 938; x_wconf 81' lang='lat' dir='ltr'><strong>tanto</strong></span> <span class='ocrx_word' id='word_1_15' title='bbox 707 883 740 937; x_wconf 88' lang='lat' dir='ltr'><strong>te</strong></span> <span class='ocrx_word' id='word_1_16' title='bbox 752 872 898 962; x_wconf 81' lang='lat' dir='ltr'><strong>pignore,</strong></span> <span class='ocrx_word' id='word_1_17' title='bbox 914 872 1036 953; x_wconf 81' lang='lat' dir='ltr'><strong>Coesar,</strong></span> 
     </span>
     <span class='ocr_line' id='line_1_4' title="bbox 257 977 1178 1068; baseline -0.001 -20"><span class='ocrx_word' id='word_1_18' title='bbox 257 979 422 1048; x_wconf 85' lang='lat' dir='ltr'><strong>Emimus:</strong></span> <span class='ocrx_word' id='word_1_19' title='bbox 444 977 508 1044; x_wconf 89' lang='lat' dir='ltr'><strong>hoc</strong></span> <span class='ocrx_word' id='word_1_20' title='bbox 522 989 627 1044; x_wconf 85' lang='lat' dir='ltr'><strong>tecum</strong></span> <span class='ocrx_word' id='word_1_21' title='bbox 642 998 824 1064; x_wconf 78' lang='lat' dir='ltr'><strong>percussum</strong></span> <span class='ocrx_word' id='word_1_22' title='bbox 838 989 886 1042; x_wconf 92' lang='lat' dir='ltr'><strong>est</strong></span> <span class='ocrx_word' id='word_1_23' title='bbox 899 979 1053 1068; x_wconf 78' lang='lat' dir='ltr'><strong>sanguina</strong></span> <span class='ocrx_word' id='word_1_24' title='bbox 1066 977 1178 1046; x_wconf 72' lang='lat' dir='ltr'><strong>fedus</strong></span> 
     </span>
     <span class='ocr_line' id='line_1_5' title="bbox 258 1081 1002 1172; baseline -0.005 -20"><span class='ocrx_word' id='word_1_25' title='bbox 258 1085 379 1172; x_wconf 87' lang='lat' dir='ltr'><strong>Aecipe</strong></span> <span class='ocrx_word' id='word_1_26' title='bbox 393 1105 494 1172; x_wconf 79' lang='lat' dir='ltr'><strong>regna</strong></span> <span class='ocrx_word' id='word_1_27' title='bbox 508 1081 606 1148; x_wconf 89' lang='lat' dir='ltr'><strong>Phari</strong></span> <span class='ocrx_word' id='word_1_28' title='bbox 620 1081 710 1148; x_wconf 90' lang='lat' dir='ltr'><strong>nullo</strong></span> <span class='ocrx_word' id='word_1_29' title='bbox 724 1081 857 1168; x_wconf 65' lang='lat' dir='ltr'><strong>quarite</strong></span> <span class='ocrx_word' id='word_1_30' title='bbox 870 1103 1002 1148; x_wconf 86' lang='lat' dir='ltr'><strong>cruore:</strong></span> 
     </span>
    </p>

    <p class='ocr_par' dir='ltr' id='par_1_4' title="bbox 257 1187 1097 1384">
     <span class='ocr_line' id='line_1_6' title="bbox 257 1187 1032 1278; baseline -0.006 -19"><span class='ocrx_word' id='word_1_31' title='bbox 257 1191 378 1278; x_wconf 81' lang='lat' dir='ltr'><strong>Accipe</strong></span> <span class='ocrx_word' id='word_1_32' title='bbox 393 1189 509 1256; x_wconf 83' lang='lat' dir='ltr'><strong>Niliaci</strong></span> <span class='ocrx_word' id='word_1_33' title='bbox 517 1190 570 1275; x_wconf 89' lang='lat' dir='ltr'><strong>jus</strong></span> <span class='ocrx_word' id='word_1_34' title='bbox 584 1187 734 1278; x_wconf 79' lang='lat' dir='ltr'><strong>gurgitis:</strong></span> <span class='ocrx_word' id='word_1_35' title='bbox 758 1188 867 1276; x_wconf 87' lang='lat' dir='ltr'><strong>accipe</strong></span> <span class='ocrx_word' id='word_1_36' title='bbox 880 1189 1032 1277; x_wconf 83' lang='lat' dir='ltr'><strong>quiequid</strong></span> 
     </span>
     <span class='ocr_line' id='line_1_7' title="bbox 260 1293 1097 1384; baseline -0.005 -20"><span class='ocrx_word' id='word_1_37' title='bbox 260 1299 326 1364; x_wconf 91' lang='lat' dir='ltr'><strong>Pro</strong></span> <span class='ocrx_word' id='word_1_38' title='bbox 341 1293 457 1384; x_wconf 80' lang='lat' dir='ltr'><strong>Magni</strong></span> <span class='ocrx_word' id='word_1_39' title='bbox 471 1293 593 1360; x_wconf 82' lang='lat' dir='ltr'><strong>cervice</strong></span> <span class='ocrx_word' id='word_1_40' title='bbox 605 1293 716 1370; x_wconf 82' lang='lat' dir='ltr'><strong>dares3</strong></span> <span class='ocrx_word' id='word_1_41' title='bbox 739 1293 937 1384; x_wconf 81' lang='lat' dir='ltr'><strong>dignumque</strong></span> <span class='ocrx_word' id='word_1_42' title='bbox 950 1293 1097 1360; x_wconf 87' lang='lat' dir='ltr'><strong>clientem</strong></span> 
     </span>
    </p>

    <p class='ocr_par' dir='ltr' id='par_1_5' title="bbox 155 1396 1168 1904">
     <span class='ocr_line' id='line_1_8' title="bbox 155 1396 972 1476; baseline -0.005 -8"><span class='ocrx_word' id='word_1_43' title='bbox 155 1409 240 1468; x_wconf 81' lang='grc'><strong>1025</strong></span> <span class='ocrx_word' id='word_1_44' title='bbox 264 1401 385 1468; x_wconf 79' lang='lat' dir='ltr'>Castris</span> <span class='ocrx_word' id='word_1_45' title='bbox 398 1397 493 1464; x_wconf 85' lang='lat' dir='ltr'><strong>crede</strong></span> <span class='ocrx_word' id='word_1_46' title='bbox 506 1398 579 1476; x_wconf 90' lang='lat' dir='ltr'><strong>tuis,</strong></span> <span class='ocrx_word' id='word_1_47' title='bbox 590 1398 642 1464; x_wconf 90' lang='lat' dir='ltr'><strong>eui</strong></span> <span class='ocrx_word' id='word_1_48' title='bbox 662 1407 788 1464; x_wconf 83' lang='lat' dir='ltr'><strong>tantum</strong></span> <span class='ocrx_word' id='word_1_49' title='bbox 801 1396 866 1464; x_wconf 78' lang='lat' dir='ltr'><strong>fata</strong></span> <span class='ocrx_word' id='word_1_50' title='bbox 877 1397 972 1464; x_wconf 84' lang='lat' dir='ltr'><strong>licere</strong></span> 
     </span>
     <span class='ocr_line' id='line_1_9' title="bbox 260 1501 1016 1594; baseline -0.005 -21"><span class='ocrx_word' id='word_1_51' title='bbox 260 1505 301 1574; x_wconf 90' lang='lat' dir='ltr'><strong>ln</strong></span> <span class='ocrx_word' id='word_1_52' title='bbox 315 1524 467 1594; x_wconf 82' lang='lat' dir='ltr'>generum</span> <span class='ocrx_word' id='word_1_53' title='bbox 482 1501 610 1568; x_wconf 83' lang='lat' dir='ltr'><strong>voluere</strong></span> <span class='ocrx_word' id='word_1_54' title='bbox 622 1513 724 1568; x_wconf 86' lang='lat' dir='ltr'><strong>tunm.</strong></span> <span class='ocrx_word' id='word_1_55' title='bbox 746 1523 807 1567; x_wconf 88' lang='lat' dir='ltr'><strong>nec</strong></span> <span class='ocrx_word' id='word_1_56' title='bbox 820 1501 882 1566; x_wconf 88' lang='lat' dir='ltr'><strong>vile</strong></span> <span class='ocrx_word' id='word_1_57' title='bbox 895 1505 1016 1588; x_wconf 87' lang='lat' dir='ltr'><strong>putaris</strong></span> 
     </span>
     <span class='ocr_line' id='line_1_10' title="bbox 263 1605 1168 1694; baseline -0.001 -17"><span class='ocrx_word' id='word_1_58' title='bbox 263 1610 341 1677; x_wconf 89' lang='lat' dir='ltr'><strong>Hoc</strong></span> <span class='ocrx_word' id='word_1_59' title='bbox 355 1611 514 1685; x_wconf 88' lang='lat' dir='ltr'><strong>meritum,</strong></span> <span class='ocrx_word' id='word_1_60' title='bbox 528 1605 611 1674; x_wconf 86' lang='lat' dir='ltr'><strong>facili</strong></span> <span class='ocrx_word' id='word_1_61' title='bbox 625 1607 717 1672; x_wconf 86' lang='lat' dir='ltr'><strong>nobis</strong></span> <span class='ocrx_word' id='word_1_62' title='bbox 730 1605 817 1694; x_wconf 89' lang='lat' dir='ltr'><strong>quod</strong></span> <span class='ocrx_word' id='word_1_63' title='bbox 831 1607 920 1672; x_wconf 80' lang='lat' dir='ltr'><strong>erede</strong></span> <span class='ocrx_word' id='word_1_64' title='bbox 933 1619 1097 1694; x_wconf 87' lang='lat' dir='ltr'><strong>peractum</strong></span> <span class='ocrx_word' id='word_1_65' title='bbox 1110 1618 1168 1676; x_wconf 76' lang='lat' dir='ltr'><strong>eat</strong></span> 
     </span>
     <span class='ocr_line' id='line_1_11' title="bbox 263 1697 1040 1801; baseline 0 -23"><span class='ocrx_word' id='word_1_66' title='bbox 263 1715 392 1801; x_wconf 87' lang='lat' dir='ltr'><strong>Hospes</strong></span> <span class='ocrx_word' id='word_1_67' title='bbox 406 1713 508 1778; x_wconf 74' lang='grc'><strong>11111111</strong></span> <span class='ocrx_word' id='word_1_68' title='bbox 522 1723 608 1778; x_wconf 83' lang='lat' dir='ltr'><strong>erat:</strong></span> <span class='ocrx_word' id='word_1_69' title='bbox 632 1697 764 1798; x_wconf 70' lang='lat' dir='ltr'><strong>depulsa</strong></span> <span class='ocrx_word' id='word_1_70' title='bbox 778 1724 902 1798; x_wconf 84' lang='lat' dir='ltr'><strong>sceptra</strong></span> <span class='ocrx_word' id='word_1_71' title='bbox 914 1715 1040 1798; x_wconf 86' lang='lat' dir='ltr'><strong>parenti</strong></span> 
     </span>
     <span class='ocr_line' id='line_1_12' title="bbox 266 1813 1119 1904; baseline -0.002 -18"><span class='ocrx_word' id='word_1_72' title='bbox 266 1817 473 1886; x_wconf 77' lang='lat' dir='ltr'><strong>Reddiderat.</strong></span> <span class='ocrx_word' id='word_1_73' title='bbox 495 1815 574 1904; x_wconf 90' lang='lat' dir='ltr'><strong>quid</strong></span> <span class='ocrx_word' id='word_1_74' title='bbox 587 1814 678 1904; x_wconf 87' lang='lat' dir='ltr'><strong>plura</strong></span> <span class='ocrx_word' id='word_1_75' title='bbox 691 1813 812 1882; x_wconf 81' lang='lat' dir='ltr'><strong>feram?</strong></span> <span class='ocrx_word' id='word_1_76' title='bbox 832 1829 869 1882; x_wconf 90' lang='lat' dir='ltr'><strong>tu</strong></span> <span class='ocrx_word' id='word_1_77' title='bbox 883 1818 1014 1884; x_wconf 88' lang='lat' dir='ltr'><strong>nomina</strong></span> <span class='ocrx_word' id='word_1_78' title='bbox 1027 1830 1119 1884; x_wconf 82' lang='lat' dir='ltr'><strong>tanto</strong></span> 
     </span>
    </p>

    <p class='ocr_par' dir='ltr' id='par_1_6' title="bbox 155 1919 1000 2007">
     <span class='ocr_line' id='line_1_13' title="bbox 155 1919 1000 2007; baseline -0.004 -16"><span class='ocrx_word' id='word_1_79' title='bbox 155 1931 242 1991; x_wconf 80' lang='lat' dir='ltr'><strong>toan</strong></span> <span class='ocrx_word' id='word_1_80' title='bbox 266 1922 411 1990; x_wconf 79' lang='lat' dir='ltr'><strong>Invenies</strong></span> <span class='ocrx_word' id='word_1_81' title='bbox 426 1921 526 2007; x_wconf 84' lang='lat' dir='ltr'><strong>operi,</strong></span> <span class='ocrx_word' id='word_1_82' title='bbox 541 1920 591 1986; x_wconf 87' lang='lat' dir='ltr'><strong>vel</strong></span> <span class='ocrx_word' id='word_1_83' title='bbox 605 1919 721 1986; x_wconf 82' lang='lat' dir='ltr'><strong>fernam</strong></span> <span class='ocrx_word' id='word_1_84' title='bbox 737 1920 865 1986; x_wconf 86' lang='lat' dir='ltr'><strong>consule</strong></span> <span class='ocrx_word' id='word_1_85' title='bbox 878 1920 1000 1988; x_wconf 89' lang='lat' dir='ltr'><strong>mundi.</strong></span> 
     </span>
    </p>

    <p class='ocr_par' dir='ltr' id='par_1_7' title="bbox 266 2023 1232 2322">
     <span class='ocr_line' id='line_1_14' title="bbox 266 2023 1232 2116; baseline -0.005 -20"><span class='ocrx_word' id='word_1_86' title='bbox 266 2027 415 2096; x_wconf 89' lang='lat' dir='ltr'><strong>Siscelua</strong></span> <span class='ocrx_word' id='word_1_87' title='bbox 430 2036 488 2106; x_wconf 79' lang='lat' dir='ltr'><strong>est,</strong></span> <span class='ocrx_word' id='word_1_88' title='bbox 503 2023 984 2112; x_wconf 83' lang='lat' dir='ltr'><strong>plustenobisdeberefateris,</strong></span> <span class='ocrx_word' id='word_1_89' title='bbox 1229 2111 1232 2116; x_wconf 21' lang='grc' dir='ltr'>Ι</span> 
     </span>
     <span class='ocr_line' id='line_1_15' title="bbox 267 2128 1161 2220; baseline -0.001 -21"><span class='ocrx_word' id='word_1_90' title='bbox 267 2131 366 2212; x_wconf 84' lang='lat' dir='ltr'><strong>Quod</strong></span> <span class='ocrx_word' id='word_1_91' title='bbox 381 2129 481 2197; x_wconf 85' lang='lat' dir='ltr'><strong>scelus</strong></span> <span class='ocrx_word' id='word_1_92' title='bbox 494 2128 558 2196; x_wconf 89' lang='lat' dir='ltr'><strong>hoc</strong></span> <span class='ocrx_word' id='word_1_93' title='bbox 571 2151 638 2196; x_wconf 92' lang='lat' dir='ltr'><strong>non</strong></span> <span class='ocrx_word' id='word_1_94' title='bbox 652 2130 719 2216; x_wconf 87' lang='lat' dir='ltr'><strong>ipae</strong></span> <span class='ocrx_word' id='word_1_95' title='bbox 732 2129 817 2196; x_wconf 86' lang='lat' dir='ltr'><strong>facis.</strong></span> <span class='ocrx_word' id='word_1_96' title='bbox 840 2130 884 2196; x_wconf 90' lang='lat' dir='ltr'><strong>sic</strong></span> <span class='ocrx_word' id='word_1_97' title='bbox 898 2129 989 2210; x_wconf 88' lang='lat' dir='ltr'><strong>fatua,</strong></span> <span class='ocrx_word' id='word_1_98' title='bbox 1013 2141 1161 2220; x_wconf 86' lang='lat' dir='ltr'><strong>opertum</strong></span> 
     </span>
     <span class='ocr_line' id='line_1_16' title="bbox 266 2232 1081 2322; baseline -0.002 -18"><span class='ocrx_word' id='word_1_99' title='bbox 266 2236 408 2314; x_wconf 80' lang='lat' dir='ltr'><strong>Detexit,</strong></span> <span class='ocrx_word' id='word_1_100' title='bbox 424 2234 587 2321; x_wconf 88' lang='lat' dir='ltr'><strong>tenuitque</strong></span> <span class='ocrx_word' id='word_1_101' title='bbox 600 2245 704 2320; x_wconf 84' lang='lat' dir='ltr'><strong>caput</strong></span> <span class='ocrx_word' id='word_1_102' title='bbox 718 2234 793 2319; x_wconf 65' lang='lat' dir='ltr'><strong>‘jam</strong></span> <span class='ocrx_word' id='word_1_103' title='bbox 813 2232 963 2322; x_wconf 80' lang='lat' dir='ltr'><strong>languida</strong></span> <span class='ocrx_word' id='word_1_104' title='bbox 977 2247 1081 2303; x_wconf 86' lang='lat' dir='ltr'><strong>morte</strong></span> 
     </span>
    </p>

    <p class='ocr_par' dir='ltr' id='par_1_8' title="bbox 267 2337 916 2430">
     <span class='ocr_line' id='line_1_17' title="bbox 267 2337 916 2430; baseline 0 -26"><span class='ocrx_word' id='word_1_105' title='bbox 267 2340 398 2430; x_wconf 81' lang='lat' dir='ltr'><strong>Effigies</strong></span> <span class='ocrx_word' id='word_1_106' title='bbox 411 2337 557 2404; x_wconf 86' lang='lat' dir='ltr'><strong>habitum</strong></span> <span class='ocrx_word' id='word_1_107' title='bbox 571 2338 639 2404; x_wconf 90' lang='lat' dir='ltr'><strong>noti</strong></span> <span class='ocrx_word' id='word_1_108' title='bbox 653 2350 829 2404; x_wconf 86' lang='lat' dir='ltr'><strong>mutaverat</strong></span> <span class='ocrx_word' id='word_1_109' title='bbox 842 2339 916 2404; x_wconf 84' lang='lat' dir='ltr'><strong>eris.</strong></span> 
     </span>
    </p>

    <p class='ocr_par' dir='ltr' id='par_1_9' title="bbox 161 2441 1197 2950">
     <span class='ocr_line' id='line_1_18' title="bbox 161 2441 1007 2532; baseline -0.002 -20"><span class='ocrx_word' id='word_1_110' title='bbox 161 2454 246 2514; x_wconf 75' lang='lat'>1035</span> <span class='ocrx_word' id='word_1_111' title='bbox 269 2445 346 2513; x_wconf 90' lang='lat' dir='ltr'><strong>Non</strong></span> <span class='ocrx_word' id='word_1_112' title='bbox 361 2443 466 2532; x_wconf 89' lang='lat' dir='ltr'><strong>primo</strong></span> <span class='ocrx_word' id='word_1_113' title='bbox 482 2441 592 2508; x_wconf 85' lang='lat' dir='ltr'><strong>Caesar</strong></span> <span class='ocrx_word' id='word_1_114' title='bbox 606 2442 768 2508; x_wconf 83' lang='lat' dir='ltr'><strong>damnavit</strong></span> <span class='ocrx_word' id='word_1_115' title='bbox 782 2465 915 2510; x_wconf 89' lang='lat' dir='ltr'><strong>munera</strong></span> <span class='ocrx_word' id='word_1_116' title='bbox 928 2447 1007 2524; x_wconf 85' lang='lat' dir='ltr'><strong>visu,</strong></span> 
     </span>
     <span class='ocr_line' id='line_1_19' title="bbox 274 2546 1122 2635; baseline 0.004 -19"><span class='ocrx_word' id='word_1_117' title='bbox 274 2549 461 2635; x_wconf 77' lang='lat' dir='ltr'>Avertitque</span> <span class='ocrx_word' id='word_1_118' title='bbox 476 2546 603 2612; x_wconf 89' lang='lat' dir='ltr'><strong>oculos:</strong></span> <span class='ocrx_word' id='word_1_119' title='bbox 625 2548 740 2626; x_wconf 78' lang='lat' dir='ltr'><strong>vultus,</strong></span> <span class='ocrx_word' id='word_1_120' title='bbox 756 2549 835 2614; x_wconf 87' lang='lat' dir='ltr'><strong>dum</strong></span> <span class='ocrx_word' id='word_1_121' title='bbox 849 2549 1002 2630; x_wconf 88' lang='lat' dir='ltr'><strong>crederet,</strong></span> <span class='ocrx_word' id='word_1_122' title='bbox 1017 2549 1122 2619; x_wconf 72' lang='lat' dir='ltr'><strong>haesit:</strong></span> 
     </span>
     <span class='ocr_line' id='line_1_20' title="bbox 276 2649 1066 2743; baseline 0 -21"><span class='ocrx_word' id='word_1_123' title='bbox 276 2653 385 2742; x_wconf 86' lang='lat' dir='ltr'><strong>thue</strong></span> <span class='ocrx_word' id='word_1_124' title='bbox 398 2650 497 2716; x_wconf 86' lang='lat' dir='ltr'><strong>fidem</strong></span> <span class='ocrx_word' id='word_1_125' title='bbox 511 2649 590 2716; x_wconf 88' lang='lat' dir='ltr'><strong>vidit</strong></span> <span class='ocrx_word' id='word_1_126' title='bbox 604 2651 736 2729; x_wconf 88' lang='lat' dir='ltr'><strong>sceleris,</strong></span> <span class='ocrx_word' id='word_1_127' title='bbox 763 2663 931 2742; x_wconf 86' lang='lat' dir='ltr'><strong>tutumque</strong></span> <span class='ocrx_word' id='word_1_128' title='bbox 943 2655 1066 2743; x_wconf 81' lang='lat' dir='ltr'><strong>putarit</strong></span> 
     </span>
     <span class='ocr_line' id='line_1_21' title="bbox 274 2757 1197 2848; baseline 0.005 -22"><span class='ocrx_word' id='word_1_129' title='bbox 274 2758 348 2826; x_wconf 88' lang='lat' dir='ltr'><strong>Jam</strong></span> <span class='ocrx_word' id='word_1_130' title='bbox 363 2757 466 2822; x_wconf 91' lang='lat' dir='ltr'><strong>bonus</strong></span> <span class='ocrx_word' id='word_1_131' title='bbox 481 2777 547 2820; x_wconf 87' lang='lat' dir='ltr'><strong>esse</strong></span> <span class='ocrx_word' id='word_1_132' title='bbox 561 2778 666 2835; x_wconf 66' lang='lat' dir='ltr'><strong>socen</strong></span> <span class='ocrx_word' id='word_1_133' title='bbox 688 2757 842 2846; x_wconf 73' lang='lat' dir='ltr'><strong>lacrymas</strong></span> <span class='ocrx_word' id='word_1_134' title='bbox 855 2780 924 2826; x_wconf 90' lang='lat' dir='ltr'><strong>non</strong></span> <span class='ocrx_word' id='word_1_135' title='bbox 938 2773 1052 2848; x_wconf 86' lang='lat' dir='ltr'><strong>sponte</strong></span> <span class='ocrx_word' id='word_1_136' title='bbox 1064 2763 1197 2830; x_wconf 86' lang='lat' dir='ltr'><strong>cadente</strong></span> 
     </span>
     <span class='ocr_line' id='line_1_22' title="bbox 275 2860 1045 2950; baseline 0.001 -20"><span class='ocrx_word' id='word_1_137' title='bbox 275 2861 413 2940; x_wconf 82' lang='lat' dir='ltr'><strong>Effudit,</strong></span> <span class='ocrx_word' id='word_1_138' title='bbox 430 2860 630 2950; x_wconf 80' lang='lat' dir='ltr'><strong>gemitusque</strong></span> <span class='ocrx_word' id='word_1_139' title='bbox 645 2862 797 2950; x_wconf 82' lang='lat' dir='ltr'><strong>expressit</strong></span> <span class='ocrx_word' id='word_1_140' title='bbox 810 2875 939 2950; x_wconf 81' lang='lat' dir='ltr'><strong>pectore</strong></span> <span class='ocrx_word' id='word_1_141' title='bbox 960 2865 1045 2946; x_wconf 84' lang='lat' dir='ltr'><strong>loeto,</strong></span> 
     </span>
    </p>

    <p class='ocr_par' dir='ltr' id='par_1_10' title="bbox 168 2962 1217 3167">
     <span class='ocr_line' id='line_1_23' title="bbox 168 2962 1176 3054; baseline 0.002 -16"><span class='ocrx_word' id='word_1_142' title='bbox 168 2979 255 3038; x_wconf 78' lang='lat'>1040</span> <span class='ocrx_word' id='word_1_143' title='bbox 276 2969 354 3036; x_wconf 89' lang='lat' dir='ltr'><strong>Non</strong></span> <span class='ocrx_word' id='word_1_144' title='bbox 368 2966 459 3035; x_wconf 85' lang='lat' dir='ltr'><strong>aliter</strong></span> <span class='ocrx_word' id='word_1_145' title='bbox 474 2965 637 3033; x_wconf 87' lang='lat' dir='ltr'><strong>manifesta</strong></span> <span class='ocrx_word' id='word_1_146' title='bbox 653 2979 767 3054; x_wconf 83' lang='lat' dir='ltr'><strong>putans</strong></span> <span class='ocrx_word' id='word_1_147' title='bbox 782 2968 975 3036; x_wconf 74' lang='lat' dir='ltr'><strong>abscondere</strong></span> <span class='ocrx_word' id='word_1_148' title='bbox 992 2973 1107 3040; x_wconf 84' lang='lat' dir='ltr'><strong>mentia</strong></span> <span class='ocrx_word' id='word_1_149' title='bbox 1172 2962 1176 2977; x_wconf 55' lang='grc'><strong>“</strong></span> 
     </span>
     <span class='ocr_line' id='line_1_24' title="bbox 276 3071 1217 3167; baseline 0.01 -30"><span class='ocrx_word' id='word_1_150' title='bbox 276 3073 415 3152; x_wconf 86' lang='lat' dir='ltr'><strong>Gaudia,</strong></span> <span class='ocrx_word' id='word_1_151' title='bbox 431 3093 528 3159; x_wconf 89' lang='lat' dir='ltr'><strong>quam</strong></span> <span class='ocrx_word' id='word_1_152' title='bbox 538 3071 694 3160; x_wconf 89' lang='lat' dir='ltr'><strong>lacrymis.</strong></span> <span class='ocrx_word' id='word_1_153' title='bbox 712 3073 923 3163; x_wconf 88' lang='lat' dir='ltr'><strong>meritumque</strong></span> <span class='ocrx_word' id='word_1_154' title='bbox 936 3077 1075 3144; x_wconf 82' lang='lat' dir='ltr'><strong>immane</strong></span> <span class='ocrx_word' id='word_1_155' title='bbox 1086 3079 1217 3167; x_wconf 81' lang='lat' dir='ltr'><strong>tyranni</strong></span> 
     </span>
    </p>

    <p class='ocr_par' dir='ltr' id='par_1_11' title="bbox 278 3177 1119 3478">
     <span class='ocr_line' id='line_1_25' title="bbox 278 3177 1051 3268; baseline 0 -21"><span class='ocrx_word' id='word_1_156' title='bbox 278 3178 437 3257; x_wconf 86' lang='lat' dir='ltr'><strong>Destruit,</strong></span> <span class='ocrx_word' id='word_1_157' title='bbox 452 3188 484 3242; x_wconf 89' lang='lat' dir='ltr'><strong>et</strong></span> <span class='ocrx_word' id='word_1_158' title='bbox 498 3177 609 3266; x_wconf 83' lang='lat' dir='ltr'><strong>generi</strong></span> <span class='ocrx_word' id='word_1_159' title='bbox 626 3177 745 3244; x_wconf 83' lang='lat' dir='ltr'><strong>mavult</strong></span> <span class='ocrx_word' id='word_1_160' title='bbox 757 3177 868 3268; x_wconf 78' lang='lat' dir='ltr'><strong>lugere</strong></span> <span class='ocrx_word' id='word_1_161' title='bbox 881 3181 1051 3264; x_wconf 63' lang='lat' dir='ltr'><strong>revulsum</strong></span> 
     </span>
     <span class='ocr_line' id='line_1_26' title="bbox 279 3280 1119 3368; baseline 0.007 -18"><span class='ocrx_word' id='word_1_162' title='bbox 279 3283 387 3362; x_wconf 88' lang='lat' dir='ltr'><strong>Quam</strong></span> <span class='ocrx_word' id='word_1_163' title='bbox 402 3280 518 3346; x_wconf 88' lang='lat' dir='ltr'><strong>debere</strong></span> <span class='ocrx_word' id='word_1_164' title='bbox 533 3293 637 3367; x_wconf 87' lang='lat' dir='ltr'><strong>caput.</strong></span> <span class='ocrx_word' id='word_1_165' title='bbox 660 3282 715 3368; x_wconf 90' lang='lat' dir='ltr'><strong>qui</strong></span> <span class='ocrx_word' id='word_1_166' title='bbox 730 3280 812 3348; x_wconf 88' lang='lat' dir='ltr'><strong>duro</strong></span> <span class='ocrx_word' id='word_1_167' title='bbox 825 3285 969 3352; x_wconf 89' lang='lat' dir='ltr'><strong>membra</strong></span> <span class='ocrx_word' id='word_1_168' title='bbox 984 3287 1119 3356; x_wconf 63' lang='grc'><strong>81111111</strong></span> 
     </span>
     <span class='ocr_line' id='line_1_27' title="bbox 280 3385 986 3478; baseline 0 -22"><span class='ocrx_word' id='word_1_169' title='bbox 280 3388 426 3456; x_wconf 83' lang='lat' dir='ltr'><strong>Calcarat</strong></span> <span class='ocrx_word' id='word_1_170' title='bbox 440 3385 541 3466; x_wconf 86' lang='lat' dir='ltr'><strong>vultu,</strong></span> <span class='ocrx_word' id='word_1_171' title='bbox 558 3386 612 3474; x_wconf 90' lang='lat' dir='ltr'><strong>qui</strong></span> <span class='ocrx_word' id='word_1_172' title='bbox 627 3387 709 3453; x_wconf 87' lang='lat' dir='ltr'><strong>sicco</strong></span> <span class='ocrx_word' id='word_1_173' title='bbox 724 3387 844 3454; x_wconf 85' lang='lat' dir='ltr'><strong>lumine</strong></span> <span class='ocrx_word' id='word_1_174' title='bbox 856 3411 986 3478; x_wconf 86' lang='lat' dir='ltr'><strong>campos</strong></span> 
     </span>
    </p>

    <p class='ocr_par' dir='ltr' id='par_1_12' title="bbox 176 3491 1193 3794">
     <span class='ocr_line' id='line_1_28' title="bbox 176 3491 1193 3589; baseline 0.004 -29"><span class='ocrx_word' id='word_1_175' title='bbox 176 3501 259 3562; x_wconf 78' lang='lat'>1045</span> <span class='ocrx_word' id='word_1_176' title='bbox 281 3495 414 3562; x_wconf 87' lang='lat' dir='ltr'><strong>Viderat</strong></span> <span class='ocrx_word' id='word_1_177' title='bbox 430 3491 608 3574; x_wconf 83' lang='lat' dir='ltr'><strong>Emathios,</strong></span> <span class='ocrx_word' id='word_1_178' title='bbox 624 3494 679 3560; x_wconf 91' lang='lat' dir='ltr'><strong>uni</strong></span> <span class='ocrx_word' id='word_1_179' title='bbox 693 3494 761 3574; x_wconf 88' lang='lat' dir='ltr'><strong>tibi,</strong></span> <span class='ocrx_word' id='word_1_180' title='bbox 779 3495 911 3586; x_wconf 69' lang='lat' dir='ltr'><strong>Magna·</strong></span> <span class='ocrx_word' id='word_1_181' title='bbox 927 3519 1046 3589; x_wconf 79' lang='lat' dir='ltr'><strong>negare</strong></span> <span class='ocrx_word' id='word_1_182' title='bbox 1190 3494 1193 3500; x_wconf 74' lang='grc'><strong>’</strong></span> 
     </span>
     <span class='ocr_line' id='line_1_29' title="bbox 281 3598 1020 3689; baseline 0.007 -23"><span class='ocrx_word' id='word_1_183' title='bbox 281 3601 360 3666; x_wconf 89' lang='lat' dir='ltr'><strong>Non</strong></span> <span class='ocrx_word' id='word_1_184' title='bbox 373 3599 469 3666; x_wconf 87' lang='lat' dir='ltr'><strong>audet</strong></span> <span class='ocrx_word' id='word_1_185' title='bbox 484 3600 631 3689; x_wconf 86' lang='lat' dir='ltr'><strong>g&#39;emitus·</strong></span> <span class='ocrx_word' id='word_1_186' title='bbox 655 3622 676 3664; x_wconf 92' lang='grc' dir='ltr'>ο</span> <span class='ocrx_word' id='word_1_187' title='bbox 691 3621 758 3664; x_wconf 83' lang='lat' dir='ltr'><strong>sors</strong></span> <span class='ocrx_word' id='word_1_188' title='bbox 769 3598 936 3669; x_wconf 87' lang='lat' dir='ltr'><strong>durissima</strong></span> <span class='ocrx_word' id='word_1_189' title='bbox 949 3602 1020 3671; x_wconf 86' lang='lat' dir='ltr'><strong>satil</strong></span> 
     </span>
     <span class='ocr_line' id='line_1_30' title="bbox 282 3702 1068 3794; baseline 0.006 -25"><span class='ocrx_word' id='word_1_190' title='bbox 282 3703 455 3770; x_wconf 88' lang='lat' dir='ltr'><strong>Hunccine</strong></span> <span class='ocrx_word' id='word_1_191' title='bbox 470 3713 518 3782; x_wconf 90' lang='lat' dir='ltr'><strong>tu,</strong></span> <span class='ocrx_word' id='word_1_192' title='bbox 537 3703 654 3783; x_wconf 72' lang='lat' dir='ltr'><strong>cesar,</strong></span> <span class='ocrx_word' id='word_1_193' title='bbox 670 3702 823 3771; x_wconf 81' lang='lat' dir='ltr'><strong>scelerato</strong></span> <span class='ocrx_word' id='word_1_194' title='bbox 836 3721 938 3774; x_wconf 83' lang='lat' dir='ltr'><strong>marte</strong></span> <span class='ocrx_word' id='word_1_195' title='bbox 950 3709 1068 3794; x_wconf 53' lang='lat' dir='ltr'><strong>musti,</strong></span> 
     </span>
    </p>

    <p class='ocr_par' dir='ltr' id='par_1_13' title="bbox 232 3806 1138 3906">
     <span class='ocr_line' id='line_1_31' title="bbox 232 3806 1138 3906; baseline 0.01 -32"><span class='ocrx_word' id='word_1_196' title='bbox 232 3873 237 3882; x_wconf 23' lang='lat' dir='ltr'>x</span> <span class='ocrx_word' id='word_1_197' title='bbox 281 3807 350 3886; x_wconf 84' lang='lat' dir='ltr'><strong>Qui</strong></span> <span class='ocrx_word' id='word_1_198' title='bbox 363 3807 422 3874; x_wconf 91' lang='lat' dir='ltr'><strong>tibi</strong></span> <span class='ocrx_word' id='word_1_199' title='bbox 435 3807 559 3873; x_wconf 84' lang='lat' dir='ltr'><strong>flendus</strong></span> <span class='ocrx_word' id='word_1_200' title='bbox 573 3806 666 3876; x_wconf 77' lang='lat' dir='ltr'><strong>eret?</strong></span> <span class='ocrx_word' id='word_1_201' title='bbox 687 3829 754 3874; x_wconf 85' lang='lat' dir='ltr'><strong>non</strong></span> <span class='ocrx_word' id='word_1_202' title='bbox 769 3807 855 3877; x_wconf 81' lang='lat' dir='ltr'><strong>misti</strong></span> <span class='ocrx_word' id='word_1_203' title='bbox 867 3811 988 3880; x_wconf 69' lang='lat' dir='ltr'><strong>findere</strong></span> <span class='ocrx_word' id='word_1_204' title='bbox 1001 3826 1138 3906; x_wconf 76' lang='lat' dir='ltr'><strong>tangrmt</strong></span> 
     </span>
    </p>
   </div>
   <div class='ocr_carea' id='block_1_3' title="bbox 197 4015 1194 4130">
    <p class='ocr_par' dir='ltr' id='par_1_14' title="bbox 197 4015 1194 4130">
     <span class='ocr_line' id='line_1_32' title="bbox 197 4015 1194 4130; baseline 0.009 -70"><span class='ocrx_word' id='word_1_205' title='bbox 197 4015 635 4130; x_wconf 54' lang='lat' dir='ltr'><strong>ffi--Jmfflfflm</strong></span> <span class='ocrx_word' id='word_1_206' title='bbox 784 4019 1194 4075; x_wconf 57' lang='lat' dir='ltr'><strong>&amp;summaquense</strong></span> 
     </span>
    </p>
   </div>
   <div class='ocr_carea' id='block_1_4' title="bbox 176 4134 1312 4208">
    <p class='ocr_par' dir='ltr' id='par_1_15' title="bbox 176 4134 1312 4208">
     <span class='ocr_line' id='line_1_33' title="bbox 176 4134 1312 4208; baseline 0.004 -29"><span class='ocrx_word' id='word_1_207' title='bbox 176 4156 278 4208; x_wconf 48' lang='lat' dir='ltr'><strong>vim·</strong></span> <span class='ocrx_word' id='word_1_208' title='bbox 795 4134 1312 4197; x_wconf 57' lang='lat' dir='ltr'><strong>loess—-lwymmmw</strong></span> 
     </span>
    </p>
   </div>
   <div class='ocr_carea' id='block_1_5' title="bbox 176 4209 1321 4670">
    <p class='ocr_par' dir='ltr' id='par_1_16' title="bbox 176 4209 1321 4670">
     <span class='ocr_line' id='line_1_34' title="bbox 198 4209 1317 4308; baseline 0.011 -57"><span class='ocrx_word' id='word_1_209' title='bbox 198 4255 586 4308; x_wconf 47' lang='lat' dir='ltr'><strong>..mfflwmm</strong></span> <span class='ocrx_word' id='word_1_210' title='bbox 760 4209 851 4276; x_wconf 65' lang='lat' dir='ltr'><strong>duur]</strong></span> <span class='ocrx_word' id='word_1_211' title='bbox 867 4209 1317 4262; x_wconf 58' lang='lat' dir='ltr'><strong>&amp;emmerammum</strong></span> 
     </span>
     <span class='ocr_line' id='line_1_35' title="bbox 203 4345 1316 4433; baseline 0.012 -40"><span class='ocrx_word' id='word_1_212' title='bbox 203 4345 728 4414; x_wconf 63' lang='lat' dir='ltr'><strong>lma—Vdmdammaeret,taertt:]</strong></span> <span class='ocrx_word' id='word_1_213' title='bbox 762 4363 1081 4432; x_wconf 52' lang='lat' dir='ltr'><strong>Noefflnffiqfflm</strong></span> <span class='ocrx_word' id='word_1_214' title='bbox 1098 4376 1220 4418; x_wconf 64' lang='lat' dir='ltr'><strong>m</strong></span> <span class='ocrx_word' id='word_1_215' title='bbox 1241 4369 1316 4433; x_wconf 52' lang='lat' dir='ltr'><strong>Aga.</strong></span> 
     </span>
     <span class='ocr_line' id='line_1_36' title="bbox 177 4419 1319 4499; baseline 0.014 -29"><span class='ocrx_word' id='word_1_216' title='bbox 177 4419 278 4484; x_wconf 78' lang='lat' dir='ltr'><strong>Rapere</strong></span> <span class='ocrx_word' id='word_1_217' title='bbox 304 4425 383 4474; x_wconf 75' lang='lat' dir='ltr'><strong>reue.</strong></span> <span class='ocrx_word' id='word_1_218' title='bbox 412 4422 489 4488; x_wconf 62' lang='lat' dir='ltr'><strong>xOria</strong></span> <span class='ocrx_word' id='word_1_219' title='bbox 505 4423 568 4474; x_wconf 77' lang='lat' dir='ltr'><strong>Mea</strong></span> <span class='ocrx_word' id='word_1_220' title='bbox 584 4439 607 4474; x_wconf 85' lang='lat' dir='ltr'><strong>x.</strong></span> <span class='ocrx_word' id='word_1_221' title='bbox 624 4431 681 4478; x_wconf 73' lang='lat'><strong>559.</strong></span> <span class='ocrx_word' id='word_1_222' title='bbox 761 4441 1131 4495; x_wconf 42' lang='lat' dir='ltr'><strong>mmmmm</strong></span> <span class='ocrx_word' id='word_1_223' title='bbox 1144 4445 1181 4496; x_wconf 61' lang='grc' dir='ltr'><strong>,ἢ</strong></span> <span class='ocrx_word' id='word_1_224' title='bbox 1198 4445 1319 4499; x_wconf 58' lang='lat' dir='ltr'><strong>mm</strong></span> 
     </span>
     <span class='ocr_line' id='line_1_37' title="bbox 197 4523 1321 4591; baseline 0.02 -32"><span class='ocrx_word' id='word_1_225' title='bbox 197 4524 605 4578; x_wconf 62' lang='lat' dir='ltr'><strong>-patrflquatnvultttmm</strong></span> <span class='ocrx_word' id='word_1_226' title='bbox 761 4523 1321 4591; x_wconf 52' lang='lat' dir='ltr'><strong>memmammnmtsww</strong></span> 
     </span>
     <span class='ocr_line' id='line_1_38' title="bbox 176 4597 1321 4670; baseline 0.013 -23"><span class='ocrx_word' id='word_1_227' title='bbox 176 4597 287 4649; x_wconf 69' lang='lat' dir='ltr'><strong>Ami.</strong></span> <span class='ocrx_word' id='word_1_228' title='bbox 300 4603 323 4650; x_wconf 73' lang='grc' dir='ltr'><strong>Β.</strong></span> <span class='ocrx_word' id='word_1_229' title='bbox 762 4615 787 4650; x_wconf 74' lang='lat' dir='ltr'><strong>te</strong></span> <span class='ocrx_word' id='word_1_230' title='bbox 804 4605 867 4662; x_wconf 74' lang='lat' dir='ltr'><strong>aaut,</strong></span> <span class='ocrx_word' id='word_1_231' title='bbox 886 4605 1108 4670; x_wconf 64' lang='lat' dir='ltr'><strong>seminudis}</strong></span> <span class='ocrx_word' id='word_1_232' title='bbox 1126 4613 1150 4656; x_wconf 73' lang='lat' dir='ltr'><strong>et</strong></span> <span class='ocrx_word' id='word_1_233' title='bbox 1166 4604 1321 4670; x_wconf 64' lang='lat' dir='ltr'><strong>quaerre.</strong></span> 
     </span>
    </p>
   </div>
   <div class='ocr_carea' id='block_1_6' title="bbox 0 0 1550 5309">
    <p class='ocr_par' dir='ltr' id='par_1_17' title="bbox 0 0 1550 5309">
     <span class='ocr_line' id='line_1_39' title="bbox 0 0 1550 5309; baseline 0 0"><span class='ocrx_word' id='word_1_234' title='bbox 0 0 1550 5309; x_wconf 95' lang='lat' dir='ltr'><strong> </strong></span> 
     </span>
    </p>
   </div>
   <div class='ocr_carea' id='block_1_7' title="bbox 761 4287 1413 4342">
    <p class='ocr_par' dir='ltr' id='par_1_18' title="bbox 761 4287 1413 4342">
     <span class='ocr_line' id='line_1_40' title="bbox 761 4287 1413 4342; baseline 0.009 -5"><span class='ocrx_word' id='word_1_235' title='bbox 761 4288 1316 4342; x_wconf 64' lang='lat' dir='ltr'><strong>mantuanensis-usmarus..</strong></span> <span class='ocrx_word' id='word_1_236' title='bbox 1407 4287 1413 4295; x_wconf 86' lang='grc'>’</span> 
     </span>
    </p>
   </div>
  </div>
 </body>
</html>
