3092 5309
454 527 810 638 pransurum
843 511 953 614 urs.
980 531 1053 612 1x.
1236 546 1314 614 sss

295 747 469 816 Inviolatus
483 771 575 836 aqum
592 747 666 814 sicci
683 747 750 833 jam
764 745 903 834 pulveris
913 768 1028 838 agger;

295 853 387 922 Stant
401 853 507 918 miseri
519 863 635 931 nautoe,
651 863 807 940 terraque
820 852 963 918 horrente
977 854 1087 920 oarina

294 957 420 1024 Littora
434 955 519 1024 nulla
532 957 650 1022 vident
676 957 720 1021 sic
734 968 858 1042 partem
876 956 1036 1044 intercipit
1049 959 1145 1046 aequo

205 1069 270 1127 845
294 1062 373 1127 Pars
387 1062 503 1128 ratium
517 1063 619 1148 major
632 1062 786 1150 regimen,
801 1061 986 1149 clavumque
999 1074 1106 1129 secuta
1121 1073 1177 1143 est,

292 1167 380 1234 Tuta
392 1166 477 1255 fuga,
487 1176 659 1253 nautasque
674 1165 735 1230 loci
749 1166 859 1232 sortita
871 1167 999 1252 peritos,

293 1271 488 1358 Torpentem
505 1269 659 1335 Tritonos
675 1269 741 1334 adit
751 1269 850 1334 illaesa
863 1270 1023 1356 paludem.

292 1375 400 1454 Hanc,
417 1387 454 1441 ut
468 1372 564 1453 bnis,
578 1373 677 1452 Deus,
694 1395 790 1462 quem
804 1374 993 1443 toto-littore
1006 1386 1123 1460 pontus

141 1501 147 1512 ·
291 1479 394 1546 Audit
406 1491 537 1546 ventosa
548 1477 733 1564 perflantem
747 1499 912 1544 murmura
923 1477 1058 1558 ooneba,
1204 1547 1209 1571 ι

60 1653 74 1662 ,Α
202 1591 268 1648 350
291 1585 389 1654 Hane
405 1595 438 1650 et
454 1583 558 1650 Pallas
571 1595 673 1648 amat:
700 1583 805 1668 patrio
819 1605 892 1671 quoe
906 1583 1024 1648 vertice
1037 1593 1113 1650 nata
1174 1647 1179 1657 ,

202 1741 204 1750 .
291 1687 466 1756 Terrarum
481 1689 619 1776 primam
633 1687 759 1775 Libyen
771 1693 859 1775 (nam
872 1689 1022 1776 proxima
1034 1687 1115 1754 ooelo
1128 1698 1187 1768 est,

295 1795 343 1862 Ut
356 1795 473 1881 probat
485 1795 552 1881 ipse
567 1794 667 1877 calor)
689 1793 809 1883 tetigitz
831 1795 996 1884 stagnique
1008 1795 1116 1882 quieta

295 1897 409 1964 Vultus
423 1899 503 1964 vidit
518 1921 612 1986 aqua,
628 1898 796 1986 posuitque
809 1899 844 1964 in
853 1900 997 1990 margine
1009 1899 1146 1988 plantas,

292 2003 336 2070 Et
349 2027 382 2068 se
395 2003 511 2070 dilecta
526 2003 696 2070 Tritonida
710 2003 792 2068 dixit
806 2004 847 2069 ab
861 2003 957 2070 unda.
1283 2037 1297 2077 2

204 2115 269 2174 355
294 2109 401 2186 Quam
409 2109 504 2196 juxta
519 2107 637 2174 Lethes
651 2108 764 2174 tacitus
778 2108 963 2194 praelabitur
975 2109 1078 2175 amnis

292 2213 438 2292 Infernis,
455 2220 491 2280 u't
504 2213 598 2292 fama,
615 2211 742 2278 trahens
756 2213 871 2280 oblivia
885 2214 984 2278 renis:

290 2320 396 2406 Atque
410 2318 539 2404 insopiti
554 2317 717 2405 quondam
732 2319 831 2385 tutela
843 2317 1000 2396 draconis,

290 2422 506 2509 Hesperidum
519 2445 642 2510 pauper
655 2423 794 2510 spoliatis
808 2422 972 2492 frondibus
984 2421 1104 2490 hortus.

291 2527 432 2607 Invidus,
448 2551 569 2594 annoso
581 2527 698 2594 famam
712 2529 768 2616 qui
783 2527 916 2617 derogat
930 2551 1010 2608 aevo,
1094 2575 1099 2585 -

205 2639 273 2698 360
296 2633 362 2710 Qui
376 2644 461 2698 vates
475 2634 518 2700 ad
532 2655 605 2699 vera
619 2643 720 2700 vocat.
746 2631 806 2698 fuit
819 2655 915 2698 aurea
928 2633 1014 2705 silva,

288 2739 480 2826 Divitiisque
495 2761 619 2828 graves,
634 2751 666 2804 et
676 2737 761 2804 firlvo
773 2738 919 2827 germine
930 2739 1022 2818 remi,
1083 2808 1089 2818 ,

290 2843 523 2934 Virgineusque
537 2843 652 2908 chorus
665 2843 759 2908 nitidi
767 2843 991 2922 custodialuei,

290 2947 335 3016 Et
348 2969 511 3036 uunquam
526 2969 638 3014 somno
652 2947 820 3014 mmumus
833 2948 953 3014 lumina
966 2969 1105 3034 serpeus,
1146 2993 1151 3002 »

291 3053 422 3119 Robora
435 3052 619 3140 complexus
630 3051 724 3118 rutilo
739 3063 869 3118 curvata
881 3051 1017 3118 metallo

201 3164 266 3224 ³65
289 3157 431 3224 Abstulit
452 3157 616 3224 arboribus
631 3156 780 3243 pretium,
795 3158 979 3246 nemorique
992 3157 1133 3223 laborem

287 3262 425 3328 Alcides:
449 3283 618 3349 passusque
633 3262 742 3348 inopes
756 3262 825 3327 sine
838 3261 981 3348 pondere
993 3281 1099 3326 ramos

290 3371 424 3440 Rettulit
440 3371 592 3460 Argolioo
606 3371 761 3460 fulgentia
775 3393 872 3457 poma
886 3363 1032 3458 tyranno.

202 3529 207 3536 .
289 3477 353 3542 His
368 3477 464 3566 igitur
478 3475 610 3564 depulsa
624 3477 710 3556 locis,
728 3477 889 3563 ejectaque
904 3476 1010 3549 classis

288 3581 443 3667 Syrtibus,
459 3580 546 3646 baud
562 3581 645 3648 ultra
660 3580 909 3648 Garamantidas
922 3579 1029 3670 attigit
1038 3577 1153 3646 undasr

175 3779 410 3844 idestinterrumpi
426 3798 551 3834 maranen
563 3783 626 3833 male
635 3783 730 3841 dieitur,
796 3788 854 3834 tte.
881 3781 949 3834 Taire
971 3755 1047 3847 brugis
1064 3784 1192 3847 &pretam
1215 3781 1318 3830 snm
1344 3817 1349 3822 -

175 3859 291 3908 illatiseo
309 3875 436 3910 mum
449 3861 582 3926 aggeribus
599 3877 660 3926 quos
675 3863 731 3925 poil-
762 3881 836 3920 mre.
844 3872 952 3926 terraque
961 3861 1039 3928 saeoit]
1050 3860 1315 3922 Manusoriptusb’aepr·

174 3937 224 3986 ties
241 3937 394 4028 littunaoet,
411 3939 468 4005 quia
483 3937 587 3988 dlittore
597 3941 730 3989 veniebam.
762 3941 834 3988 Forte
850 3939 988 4004 legendum,

178 4013 280 4064 Gmm
784 4067 1325 4119 RMWWOBRTUHBBBVWSQR·

209 4097 266 4144 335.
282 4095 385 4144 Ateste
395 4097 438 4144 tar
448 4097 522 4144 uentis
537 4097 596 4144 liber
606 4097 727 4144 comeare
810 4140 874 4178 m
881 4129 901 4168 χ,
901 4129 949 4170 31>
949 4129 989 4170 Π

310 4174 399 4220 uoluens
787 4190 992 4238 obviamque·

179 4259 184 4266 '
276 4249 383 4316 Estne]
407 4251 464 4299 MS.
475 4251 504 4300 P.
515 4249 617 4300 melius:

200 4351 680 4400 mmanunmvsnuaeonuarlavolvem.

760 4304 862 4352 Brrm'ru
871 4301 1073 4360 mardonius·

793 4385 851 4430 349.
875 4383 954 4430 Audit
975 4391 1067 4431 matera
1087 4384 1229 4446 peqtartem
1251 4395 1321 4430 urta*

180 4439 289 4488 Grotius
322 4441 357 4489 Et
367 4441 401 4490 sio
416 4441 510 4492 oodioes
531 4443 604 4492 nostri
616 4438 727 4490 universi.
761 4473 831 4506 ,m
851 4459 957 4524 mm]
990 4459 1045 4510 Nic,
1079 4459 1197 4507 μείω,
1221 4457 1319 4519 configit

175 4515 248 4566 ovid,
265 4519 494 4570 Metam.viii.4'tl.
679 4515 684 4522 ¹
760 4538 890 4585 Mamm.
908 4537 1056 4587 Nouendio.
1085 4539 1164 4594 Quale
1172 4539 1237 4585 enim
1248 4543 1320 4594 uret,
