3092 5309
412 573 774 655 PHARSALIAE
809 572 919 655 LIB.
952 576 1029 654 ΙΙΙ.

276 790 399 862 Ordine
411 802 571 859 uertente
584 788 714 880 gemim
727 780 1017 857 crevisseliburnoe

197 906 256 965 5³5
277 897 397 965 Celsior
410 908 445 963 st
458 896 578 963 cunuti·
593 895 687 961 Bruti
702 894 852 981 praetoris
865 896 980 982 puppis

275 1000 465 1069 Verberibus
479 998 692 1089 senisugitur,
707 998 885 1085 molemque
896 999 1057 1085 profundo

276 1106 411 1185 Invehit,
427 1117 460 1172 et
474 1104 603 1171 summis
616 1102 710 1191 louge
724 1102 802 1188 petit
812 1122 941 1188 equore
954 1104 1058 1169 remis.

319 1212 368 1281 Ut
380 1222 503 1279 tentum
518 1209 614 1277 medii
628 1208 729 1273 fureret
744 1208 849 1286 meris,
860 1218 993 1295 utruque
1005 1208 1110 1277 clauis

274 1314 370 1394 Quod
383 1314 479 1381 semel
493 1312 629 1381 excussis
642 1322 747 1399 posset
760 1324 974 1379 transcurrere
986 1314 1095 1394 tonsis,

197 1425 254 1486 540
274 1418 454 1485 Innumeroe
468 1430 558 1485 vesto
571 1416 743 1481 miscentur
757 1414 792 1480 in
805 1412 924 1481 uthere
937 1436 1042 1482 voees:

276 1524 511 1611 Remommque
525 1542 621 1587 sonus
634 1513 951 1613 premiturclumore:
964 1542 1024 1587 uec
1038 1519 1111 1587 ullo
1188 1550 1191 1556 ·

276 1627 388 1694 Audiri
398 1638 530 1712 pomere
544 1626 639 1692 tuber.
654 1636 724 1691 tum
737 1624 853 1691 caerulu
866 1636 1006 1704 verrunt,

274 1732 379 1819 Atque
392 1730 427 1795 in
441 1742 579 1797 transtra
588 1728 717 1809 cudunt,
730 1740 763 1795 et
777 1728 871 1793 remis
884 1740 1013 1816 pectora
1025 1728 1160 1817 pulsent.

277 1838 322 1905 Ut
334 1838 475 1925 primum
488 1838 596 1903 rostris
609 1847 800 1923 crepuerunt
811 1834 905 1903 obvie
918 1848 1033 1905 rostrur

199 1946 255 2009 ⁸45
275 1942 314 2009 lu
326 1942 461 2031 puppim
474 1940 596 2009 rediere
609 1952 702 2020 retes,
717 1940 890 2037 ernissuque
903 1939 965 2007 teln

272 2046 359 2117 Aera
372 2058 533 2126 texerunt,
548 2068 744 2134 vacuumque
757 2044 903 2113 cedentiu
914 2057 1061 2134 pontum.

274 2150 318 2219 Et
325 2153 394 2240 jum
409 2150 547 2217 diductis
561 2150 737 2219 extendunt
750 2172 871 2217 coruus
883 2153 999 2238 proris,

275 2250 577 2345 Diversaeque'rutes
589 2256 696 2337 laxate
709 2256 805 2323 esee
817 2268 963 2344 recepte.
1027 2248 1032 2255 ’

271 2362 326 2443 Ut,
342 2363 464 2452 quoties
477 2373 572 2429 aestus
587 2360 751 2449 Zephyris,
768 2360 924 2450 Eurisque
936 2374 1105 2453 repugnet,

193 2472 250 2537 ⁵50
271 2467 349 2535 Huc
363 2466 481 2548 abeunt
493 2464 616 2545 fluetus,
631 2464 705 2532 illuc
718 2486 819 2531 rueret
835 2466 948 2533 sicubi
961 2489 1085 2555 puppes

273 2574 401 2642 sucuro
414 2574 520 2641 rurios
533 2572 694 2641 duxerunt
708 2571 839 2663 gurgite
854 2584 982 2653 tructus,

266 2678 365 2757 Quod
377 2676 450 2745 tulit
464 2677 517 2745 ille
531 2678 607 2744 rutis
620 2676 726 2757 remis,
742 2675 814 2743 haec
827 2676 965 2765 reppulit
976 2698 1096 2766 oequor.

270 2782 333 2850 Sed
350 2781 458 2850 Graiis
466 2780 596 2862 hubiles,
610 2802 814 2871 pugnumque
827 2781 976 2848 luuessere
989 2782 1083 2869 pinus

269 2888 312 2956 Et
324 2900 448 2956 tentare
460 2888 579 2978 fugem,
593 2910 653 2954 nee
667 2888 764 2977 longo
777 2886 924 2978 frungere
936 2910 1018 2978 gyro

190 3000 247 3062 555
269 2994 418 3075 Cursum,
431 3016 491 3061 neu
504 2994 594 3061 tarde
608 2994 747 3061 flectenti
761 2994 874 3061 cedere
887 2994 986 3061 eluro.

267 3102 313 3168 At
328 3100 476 3166 Romuuu
488 3098 564 3167 rutis
578 3098 722 3165 stabilem
735 3098 880 3186 prebere
892 3100 1036 3167 uurineru

268 3204 402 3284 Certior,
417 3216 450 3271 et
463 3215 555 3269 terroe
569 3202 701 3269 similem
714 3200 905 3270 bellantibus
917 3226 1019 3269 usum.
1083 3202 1087 3206 ’

268 3307 362 3375 Tunc
375 3308 410 3373 in
425 3306 572 3397 signifera
584 3307 733 3374 residenti
746 3329 854 3398 puppe
868 3308 1026 3398 magistro

268 3412 386 3481 Brutus
399 3414 454 3493 eit,
468 3414 625 3501 paterisne
637 3414 719 3481 ecies
734 3435 840 3480 errare
852 3412 1033 3500 profundo?
1179 3470 1185 3477 ,

195 3522 250 3581 560
270 3518 398 3585 Artibus
412 3532 443 3585 et
458 3530 557 3587 uerter
570 3517 695 3609 pelugi?
703 3520 773 3607 jum
787 3541 917 3587 consere
929 3520 1060 3587 bellum:

272 3623 434 3690 Phoenicis
447 3622 567 3690 medies
580 3624 689 3690 rostris
699 3645 827 3713 oppone
840 3625 990 3718 carinus

275 3726 396 3807 Paruit,
412 3728 554 3815 obliquus
568 3739 599 3794 et
613 3728 751 3814 praebuit
762 3729 905 3796 hostibus
918 3730 1018 3795 ulnus.

274 3830 366 3898 Tunc
378 3852 576 3919 quaecurmue
590 3833 666 3899 rutis
680 3834 812 3899 tentavit
824 3833 941 3900 robore
956 3833 1062 3915 Bruti,

276 3934 342 4004 Ictu
355 3937 438 4003 rictu
451 3957 520 4016 suo,
534 3958 690 4023 percusse
705 3948 798 4024 uupts
811 3937 950 4005 uohoesit

209 4042 259 4104 565
279 4041 335 4111 Ast
346 4040 421 4109 ulisse
434 4042 630 4131 mnnicoeque
643 4041 753 4132 ligent,
768 4052 943 4129 teretesque
955 4054 1086 4121 eutenoe,

194 4248 309 4308 mutue
324 4268 359 4310 est
375 4258 421 4309 riri
437 4258 567 4324 prulustris
588 4257 710 4310 Joheuuis
740 4266 788 4317 tur,
805 4276 917 4323 pereum
936 4270 957 4311 et
977 4270 1055 4325 eum.
1095 4262 1176 4313 Neres
1192 4260 1293 4311 inrecte

195 4328 296 4418 Reum
306 4338 366 4403 squ
377 4340 502 4389 meeum
517 4337 549 4388 nu
559 4337 706 4389 nevere
741 4338 988 4401 upmoetmrme
998 4341 1293 4401 munuum

193 4414 350 4477 mensur
367 4418 465 4472 nur.
482 4416 966 4547 emmeleeeezmrpoeusut
981 4418 1081 4485 nuptu
1100 4419 1290 4471 ruunuuus
