<?xml version="1.0" encoding="UTF-8"?>
<!DOCTYPE html PUBLIC "-//W3C//DTD XHTML 1.0 Transitional//EN"
    "http://www.w3.org/TR/xhtml1/DTD/xhtml1-transitional.dtd">
<html xmlns="http://www.w3.org/1999/xhtml" xml:lang="en" lang="en">
 <head>
  <title>
</title>
<meta http-equiv="Content-Type" content="text/html;charset=utf-8" />
  <meta name='ocr-system' content='tesseract 3.04.00' />
  <meta name='ocr-capabilities' content='ocr_page ocr_carea ocr_par ocr_line ocrx_word'/>
</head>
<body>
  <div class='ocr_page' id='page_1' title='image "./mannaeilucaniph01ginggoog_0370.png"; bbox 0 0 3092 5309; ppageno 0'>
   <div class='ocr_carea' id='block_1_1' title="bbox 269 570 1134 661">
    <p class='ocr_par' dir='ltr' id='par_1_1' title="bbox 269 570 1134 661">
     <span class='ocr_line' id='line_1_1' title="bbox 269 570 1134 661; baseline -0.005 -3"><span class='ocrx_word' id='word_1_1' title='bbox 269 593 343 658; x_wconf 76' lang='lat' dir='ltr'>ess</span> <span class='ocrx_word' id='word_1_2' title='bbox 488 644 495 661; x_wconf 83' lang='lat'><em>.</em></span> <span class='ocrx_word' id='word_1_3' title='bbox 570 570 627 651; x_wconf 88' lang='grc' dir='ltr'>Μ.</span> <span class='ocrx_word' id='word_1_4' title='bbox 662 570 866 654; x_wconf 83' lang='lat' dir='ltr'>ANNAEI</span> <span class='ocrx_word' id='word_1_5' title='bbox 899 573 1134 655; x_wconf 81' lang='lat' dir='ltr'>LUCANI</span> 
     </span>
    </p>
   </div>
   <div class='ocr_carea' id='block_1_2' title="bbox 244 792 1276 4344">
    <p class='ocr_par' dir='ltr' id='par_1_2' title="bbox 244 792 1276 4344">
     <span class='ocr_line' id='line_1_2' title="bbox 379 792 1058 880; baseline -0.003 -19"><span class='ocrx_word' id='word_1_6' title='bbox 379 792 550 861; x_wconf 81' lang='lat' dir='ltr'>Effirudam</span> <span class='ocrx_word' id='word_1_7' title='bbox 565 792 700 880; x_wconf 81' lang='lat' dir='ltr'>populos</span> <span class='ocrx_word' id='word_1_8' title='bbox 713 792 896 861; x_wconf 82' lang='lat' dir='ltr'>slietellure</span> <span class='ocrx_word' id='word_1_9' title='bbox 908 793 1058 874; x_wconf 77' lang='lat' dir='ltr'>revulsos,</span> 
     </span>
     <span class='ocr_line' id='line_1_3' title="bbox 291 898 1082 987; baseline -0.003 -20"><span class='ocrx_word' id='word_1_10' title='bbox 291 908 356 967; x_wconf 99' lang='grc'><strong>810</strong></span> <span class='ocrx_word' id='word_1_11' title='bbox 379 900 570 987; x_wconf 74' lang='lat' dir='ltr'>Excitosque</span> <span class='ocrx_word' id='word_1_12' title='bbox 584 899 650 964; x_wconf 83' lang='lat' dir='ltr'>suis</span> <span class='ocrx_word' id='word_1_13' title='bbox 660 899 830 965; x_wconf 74' lang='lat' dir='ltr'>immittam</span> <span class='ocrx_word' id='word_1_14' title='bbox 844 898 970 965; x_wconf 85' lang='lat' dir='ltr'>sedibus</span> <span class='ocrx_word' id='word_1_15' title='bbox 983 909 1082 965; x_wconf 72' lang='lat' dir='ltr'>ortuis.</span> 
     </span>
     <span class='ocr_line' id='line_1_4' title="bbox 380 1001 1108 1082; baseline -0.003 -11"><span class='ocrx_word' id='word_1_16' title='bbox 380 1004 478 1082; x_wconf 86' lang='lat' dir='ltr'>Quod</span> <span class='ocrx_word' id='word_1_17' title='bbox 492 1004 518 1069; x_wconf 88' lang='lat' dir='ltr'>si</span> <span class='ocrx_word' id='word_1_18' title='bbox 529 1026 587 1071; x_wconf 88' lang='lat' dir='ltr'>uos</span> <span class='ocrx_word' id='word_1_19' title='bbox 602 1003 673 1070; x_wconf 80' lang='lat' dir='ltr'>Eos</span> <span class='ocrx_word' id='word_1_20' title='bbox 686 1001 776 1082; x_wconf 85' lang='lat' dir='ltr'>fides,</span> <span class='ocrx_word' id='word_1_21' title='bbox 790 1017 826 1069; x_wconf 87' lang='lat' dir='ltr'>et</span> <span class='ocrx_word' id='word_1_22' title='bbox 839 1002 982 1069; x_wconf 70' lang='lat' dir='ltr'>Buburs</span> <span class='ocrx_word' id='word_1_23' title='bbox 994 1002 1108 1069; x_wconf 74' lang='lat' dir='ltr'>feliunt</span> 
     </span>
     <span class='ocr_line' id='line_1_5' title="bbox 379 1108 1114 1199; baseline 0 -24"><span class='ocrx_word' id='word_1_24' title='bbox 379 1108 533 1188; x_wconf 78' lang='lat' dir='ltr'>Foedere3</span> <span class='ocrx_word' id='word_1_25' title='bbox 558 1108 676 1199; x_wconf 82' lang='lat' dir='ltr'>vulgsti</span> <span class='ocrx_word' id='word_1_26' title='bbox 690 1130 786 1195; x_wconf 81' lang='lat' dir='ltr'>supro</span> <span class='ocrx_word' id='word_1_27' title='bbox 798 1109 990 1175; x_wconf 78' lang='lat' dir='ltr'>commmcis</span> <span class='ocrx_word' id='word_1_28' title='bbox 1000 1108 1114 1175; x_wconf 87' lang='lat' dir='ltr'>mundi</span> 
     </span>
     <span class='ocr_line' id='line_1_6' title="bbox 378 1212 1236 1305; baseline -0.002 -24"><span class='ocrx_word' id='word_1_29' title='bbox 378 1214 588 1305; x_wconf 74' lang='lat' dir='ltr'><strong>Naufragium</strong></span> <span class='ocrx_word' id='word_1_30' title='bbox 604 1214 746 1281; x_wconf 86' lang='lat' dir='ltr'>Fortuue</span> <span class='ocrx_word' id='word_1_31' title='bbox 759 1212 848 1279; x_wconf 78' lang='lat' dir='ltr'>seret.</span> <span class='ocrx_word' id='word_1_32' title='bbox 877 1234 944 1279; x_wconf 84' lang='lat' dir='ltr'>uon</span> <span class='ocrx_word' id='word_1_33' title='bbox 958 1234 1058 1302; x_wconf 79' lang='lat' dir='ltr'>regne</span> <span class='ocrx_word' id='word_1_34' title='bbox 1069 1212 1236 1299; x_wconf 72' lang='lat' dir='ltr'>precabor,</span> 
     </span>
     <span class='ocr_line' id='line_1_7' title="bbox 381 1317 1130 1409; baseline -0.001 -25"><span class='ocrx_word' id='word_1_35' title='bbox 381 1319 466 1397; x_wconf 73' lang='lat' dir='ltr'>Qus</span> <span class='ocrx_word' id='word_1_36' title='bbox 479 1319 561 1398; x_wconf 79' lang='lat' dir='ltr'>feoi3</span> <span class='ocrx_word' id='word_1_37' title='bbox 585 1319 640 1385; x_wconf 84' lang='lat' dir='ltr'>sed</span> <span class='ocrx_word' id='word_1_38' title='bbox 654 1317 880 1409; x_wconf 78' lang='lat' dir='ltr'>meguufersm</span> <span class='ocrx_word' id='word_1_39' title='bbox 895 1317 1006 1385; x_wconf 79' lang='lat' dir='ltr'>soletis</span> <span class='ocrx_word' id='word_1_40' title='bbox 1019 1318 1130 1383; x_wconf 88' lang='lat' dir='ltr'>mortis</span> 
     </span>
     <span class='ocr_line' id='line_1_8' title="bbox 293 1422 1186 1513; baseline 0 -24"><span class='ocrx_word' id='word_1_41' title='bbox 293 1430 356 1491; x_wconf 84' lang='grc'><strong>815</strong></span> <span class='ocrx_word' id='word_1_42' title='bbox 381 1424 471 1493; x_wconf 86' lang='lat' dir='ltr'>Orbe</span> <span class='ocrx_word' id='word_1_43' title='bbox 480 1427 590 1513; x_wconf 78' lang='lat' dir='ltr'>jacens</span> <span class='ocrx_word' id='word_1_44' title='bbox 603 1424 676 1504; x_wconf 77' lang='lat' dir='ltr'>elio,</span> <span class='ocrx_word' id='word_1_45' title='bbox 697 1424 744 1489; x_wconf 88' lang='lat' dir='ltr'>nil</span> <span class='ocrx_word' id='word_1_46' title='bbox 755 1424 827 1490; x_wconf 80' lang='lat' dir='ltr'>hrec</span> <span class='ocrx_word' id='word_1_47' title='bbox 841 1424 876 1487; x_wconf 93' lang='lat' dir='ltr'>in</span> <span class='ocrx_word' id='word_1_48' title='bbox 889 1422 1035 1489; x_wconf 83' lang='lat' dir='ltr'>membre</span> <span class='ocrx_word' id='word_1_49' title='bbox 1045 1434 1186 1503; x_wconf 74' lang='lat' dir='ltr'>orente,</span> 
     </span>
     <span class='ocr_line' id='line_1_9' title="bbox 380 1526 1178 1615; baseline -0.003 -20"><span class='ocrx_word' id='word_1_50' title='bbox 380 1530 435 1595; x_wconf 91' lang='lat' dir='ltr'>Nil</span> <span class='ocrx_word' id='word_1_51' title='bbox 449 1552 592 1597; x_wconf 83' lang='lat' dir='ltr'>socerum</span> <span class='ocrx_word' id='word_1_52' title='bbox 606 1528 713 1595; x_wconf 82' lang='lat' dir='ltr'>fecisse</span> <span class='ocrx_word' id='word_1_53' title='bbox 726 1529 788 1615; x_wconf 85' lang='lat' dir='ltr'>pie.</span> <span class='ocrx_word' id='word_1_54' title='bbox 817 1528 873 1594; x_wconf 89' lang='lat' dir='ltr'>sed</span> <span class='ocrx_word' id='word_1_55' title='bbox 887 1540 1002 1594; x_wconf 78' lang='lat' dir='ltr'>cuncto</span> <span class='ocrx_word' id='word_1_56' title='bbox 1014 1526 1178 1594; x_wconf 80' lang='lat' dir='ltr'>resolvens</span> 
     </span>
     <span class='ocr_line' id='line_1_10' title="bbox 377 1630 1054 1721; baseline -0.003 -21"><span class='ocrx_word' id='word_1_57' title='bbox 377 1633 463 1701; x_wconf 73' lang='lat' dir='ltr'>vite</span> <span class='ocrx_word' id='word_1_58' title='bbox 477 1635 541 1701; x_wconf 75' lang='lat' dir='ltr'>fsto</span> <span class='ocrx_word' id='word_1_59' title='bbox 555 1657 645 1714; x_wconf 72' lang='lat' dir='ltr'>mee,</span> <span class='ocrx_word' id='word_1_60' title='bbox 662 1656 786 1721; x_wconf 79' lang='lat' dir='ltr'>semper</span> <span class='ocrx_word' id='word_1_61' title='bbox 799 1632 985 1699; x_wconf 70' lang='lat' dir='ltr'>senmubilis</span> <span class='ocrx_word' id='word_1_62' title='bbox 998 1630 1054 1698; x_wconf 81' lang='lat' dir='ltr'>illu</span> 
     </span>
     <span class='ocr_line' id='line_1_11' title="bbox 379 1735 1117 1828; baseline -0.005 -21"><span class='ocrx_word' id='word_1_63' title='bbox 379 1739 477 1807; x_wconf 86' lang='lat' dir='ltr'>Orbis</span> <span class='ocrx_word' id='word_1_64' title='bbox 490 1754 580 1828; x_wconf 85' lang='lat' dir='ltr'>purte</span> <span class='ocrx_word' id='word_1_65' title='bbox 595 1740 658 1807; x_wconf 70' lang='lat' dir='ltr'>suit</span> <span class='ocrx_word' id='word_1_66' title='bbox 680 1751 817 1828; x_wconf 73' lang='lat' dir='ltr'>quantus</span> <span class='ocrx_word' id='word_1_67' title='bbox 828 1736 985 1804; x_wconf 77' lang='lat' dir='ltr'>Mseotids</span> <span class='ocrx_word' id='word_1_68' title='bbox 998 1758 1095 1825; x_wconf 76' lang='lat' dir='ltr'>supra</span> <span class='ocrx_word' id='word_1_69' title='bbox 1108 1735 1117 1803; x_wconf 85' lang='grc'><strong>1</strong></span> 
     </span>
     <span class='ocr_line' id='line_1_12' title="bbox 382 1841 1221 1934; baseline -0.004 -22"><span class='ocrx_word' id='word_1_70' title='bbox 382 1844 530 1923; x_wconf 77' lang='lat' dir='ltr'>Quantus</span> <span class='ocrx_word' id='word_1_71' title='bbox 543 1846 631 1934; x_wconf 79' lang='lat' dir='ltr'>opud</span> <span class='ocrx_word' id='word_1_72' title='bbox 645 1844 782 1911; x_wconf 73' lang='lat' dir='ltr'>Tanaim</span> <span class='ocrx_word' id='word_1_73' title='bbox 797 1856 866 1911; x_wconf 83' lang='lat' dir='ltr'>soto</span> <span class='ocrx_word' id='word_1_74' title='bbox 879 1856 1066 1931; x_wconf 78' lang='lat' dir='ltr'>oonspscms</span> <span class='ocrx_word' id='word_1_75' title='bbox 1078 1844 1113 1908; x_wconf 90' lang='lat' dir='ltr'>in</span> <span class='ocrx_word' id='word_1_76' title='bbox 1126 1841 1221 1911; x_wconf 88' lang='lat' dir='ltr'>ortu!</span> 
     </span>
     <span class='ocr_line' id='line_1_13' title="bbox 294 1950 1151 2041; baseline 0.002 -27"><span class='ocrx_word' id='word_1_77' title='bbox 294 1950 357 2015; x_wconf 82' lang='grc'>880</span> <span class='ocrx_word' id='word_1_78' title='bbox 380 1950 471 2028; x_wconf 81' lang='lat' dir='ltr'>Quos</span> <span class='ocrx_word' id='word_1_79' title='bbox 484 1953 585 2041; x_wconf 80' lang='lat' dir='ltr'>magis</span> <span class='ocrx_word' id='word_1_80' title='bbox 599 1953 633 2018; x_wconf 91' lang='lat' dir='ltr'>in</span> <span class='ocrx_word' id='word_1_81' title='bbox 648 1964 746 2017; x_wconf 83' lang='lat' dir='ltr'>terrss</span> <span class='ocrx_word' id='word_1_82' title='bbox 760 1964 904 2017; x_wconf 87' lang='lat' dir='ltr'>nostrum</span> <span class='ocrx_word' id='word_1_83' title='bbox 916 1950 1058 2017; x_wconf 76' lang='lat' dir='ltr'>felicibus</span> <span class='ocrx_word' id='word_1_84' title='bbox 1070 1950 1151 2016; x_wconf 81' lang='lat' dir='ltr'>sctis</span> 
     </span>
     <span class='ocr_line' id='line_1_14' title="bbox 380 2052 1211 2142; baseline -0.001 -22"><span class='ocrx_word' id='word_1_85' title='bbox 380 2055 509 2121; x_wconf 85' lang='lat' dir='ltr'>Nomen</span> <span class='ocrx_word' id='word_1_86' title='bbox 523 2056 600 2137; x_wconf 82' lang='lat' dir='ltr'>ubit,</span> <span class='ocrx_word' id='word_1_87' title='bbox 622 2068 678 2123; x_wconf 82' lang='lat' dir='ltr'>eut</span> <span class='ocrx_word' id='word_1_88' title='bbox 692 2055 779 2123; x_wconf 86' lang='lat' dir='ltr'>unde</span> <span class='ocrx_word' id='word_1_89' title='bbox 792 2054 876 2121; x_wconf 89' lang='lat' dir='ltr'>redit</span> <span class='ocrx_word' id='word_1_90' title='bbox 889 2056 1008 2142; x_wconf 71' lang='lat' dir='ltr'>majore</span> <span class='ocrx_word' id='word_1_91' title='bbox 1021 2052 1211 2142; x_wconf 82' lang='lat' dir='ltr'>triumpho?</span> 
     </span>
     <span class='ocr_line' id='line_1_15' title="bbox 244 2158 1276 2249; baseline 0.001 -24"><span class='ocrx_word' id='word_1_92' title='bbox 244 2164 245 2167; x_wconf 73' lang='grc'>’</span> <span class='ocrx_word' id='word_1_93' title='bbox 381 2160 497 2240; x_wconf 86' lang='lat' dir='ltr'>Rome,</span> <span class='ocrx_word' id='word_1_94' title='bbox 519 2159 588 2227; x_wconf 80' lang='lat' dir='ltr'>fave</span> <span class='ocrx_word' id='word_1_95' title='bbox 602 2162 734 2248; x_wconf 81' lang='lat' dir='ltr'>emptis:</span> <span class='ocrx_word' id='word_1_96' title='bbox 754 2159 832 2249; x_wconf 88' lang='lat' dir='ltr'>quid</span> <span class='ocrx_word' id='word_1_97' title='bbox 845 2160 931 2225; x_wconf 89' lang='lat' dir='ltr'>enim</span> <span class='ocrx_word' id='word_1_98' title='bbox 945 2158 1004 2225; x_wconf 85' lang='lat' dir='ltr'>tibi</span> <span class='ocrx_word' id='word_1_99' title='bbox 1017 2158 1119 2225; x_wconf 78' lang='lat' dir='ltr'>ltetius</span> <span class='ocrx_word' id='word_1_100' title='bbox 1133 2182 1276 2247; x_wconf 72' lang='lat' dir='ltr'>unquam</span> 
     </span>
     <span class='ocr_line' id='line_1_16' title="bbox 381 2263 1168 2353; baseline 0 -22"><span class='ocrx_word' id='word_1_101' title='bbox 381 2264 591 2333; x_wconf 80' lang='lat' dir='ltr'>Praestiterint</span> <span class='ocrx_word' id='word_1_102' title='bbox 607 2266 732 2352; x_wconf 86' lang='lat' dir='ltr'>Superi,</span> <span class='ocrx_word' id='word_1_103' title='bbox 755 2287 863 2353; x_wconf 81' lang='lat' dir='ltr'>quem,</span> <span class='ocrx_word' id='word_1_104' title='bbox 885 2265 911 2329; x_wconf 91' lang='lat' dir='ltr'>si</span> <span class='ocrx_word' id='word_1_105' title='bbox 926 2264 1029 2331; x_wconf 81' lang='lat' dir='ltr'>civilis</span> <span class='ocrx_word' id='word_1_106' title='bbox 1044 2263 1168 2331; x_wconf 75' lang='lat' dir='ltr'>Partho</span> 
     </span>
     <span class='ocr_line' id='line_1_17' title="bbox 357 2366 1193 2461; baseline 0 -26"><span class='ocrx_word' id='word_1_107' title='bbox 357 2366 361 2375; x_wconf 85' lang='lat'>&#39;</span> <span class='ocrx_word' id='word_1_108' title='bbox 380 2369 487 2437; x_wconf 82' lang='lat' dir='ltr'>Milite</span> <span class='ocrx_word' id='word_1_109' title='bbox 500 2370 582 2437; x_wconf 76' lang='lat' dir='ltr'>bellu</span> <span class='ocrx_word' id='word_1_110' title='bbox 595 2394 697 2461; x_wconf 79' lang='lat' dir='ltr'>geres,</span> <span class='ocrx_word' id='word_1_111' title='bbox 719 2384 841 2437; x_wconf 75' lang='lat' dir='ltr'>tuntum</span> <span class='ocrx_word' id='word_1_112' title='bbox 854 2391 1039 2437; x_wconf 74' lang='lat' dir='ltr'>consumere</span> <span class='ocrx_word' id='word_1_113' title='bbox 1051 2384 1193 2458; x_wconf 82' lang='lat' dir='ltr'>gentem,</span> 
     </span>
     <span class='ocr_line' id='line_1_18' title="bbox 295 2462 1180 2543; baseline 0.002 -5"><span class='ocrx_word' id='word_1_114' title='bbox 295 2479 358 2539; x_wconf 83' lang='grc'>888</span> <span class='ocrx_word' id='word_1_115' title='bbox 384 2474 429 2541; x_wconf 84' lang='lat' dir='ltr'>Et</span> <span class='ocrx_word' id='word_1_116' title='bbox 444 2478 558 2543; x_wconf 87' lang='lat' dir='ltr'>nostris</span> <span class='ocrx_word' id='word_1_117' title='bbox 573 2477 704 2543; x_wconf 87' lang='lat' dir='ltr'>miscere</span> <span class='ocrx_word' id='word_1_118' title='bbox 716 2462 838 2543; x_wconf 68' lang='lat' dir='ltr'>melis?</span> <span class='ocrx_word' id='word_1_119' title='bbox 852 2496 926 2541; x_wconf 92' lang='lat' dir='ltr'>cum</span> <span class='ocrx_word' id='word_1_120' title='bbox 940 2474 1076 2540; x_wconf 75' lang='lat' dir='ltr'>Cnseris</span> <span class='ocrx_word' id='word_1_121' title='bbox 1087 2496 1180 2540; x_wconf 82' lang='lat' dir='ltr'>arms</span> 
     </span>
     <span class='ocr_line' id='line_1_19' title="bbox 383 2580 1218 2660; baseline 0.001 -13"><span class='ocrx_word' id='word_1_122' title='bbox 383 2580 587 2649; x_wconf 83' lang='lat' dir='ltr'>Concurrent</span> <span class='ocrx_word' id='word_1_123' title='bbox 602 2582 718 2660; x_wconf 77' lang='lat' dir='ltr'>Medis,</span> <span class='ocrx_word' id='word_1_124' title='bbox 741 2593 798 2649; x_wconf 84' lang='lat' dir='ltr'>eut</span> <span class='ocrx_word' id='word_1_125' title='bbox 810 2604 863 2647; x_wconf 88' lang='lat' dir='ltr'>me</span> <span class='ocrx_word' id='word_1_126' title='bbox 875 2581 1018 2648; x_wconf 85' lang='lat' dir='ltr'>Fortuus</span> <span class='ocrx_word' id='word_1_127' title='bbox 1030 2603 1156 2647; x_wconf 71' lang='lat' dir='ltr'>necmse</span> <span class='ocrx_word' id='word_1_128' title='bbox 1169 2594 1218 2648; x_wconf 88' lang='lat' dir='ltr'>est</span> 
     </span>
     <span class='ocr_line' id='line_1_20' title="bbox 379 2684 1269 2767; baseline 0.006 -19"><span class='ocrx_word' id='word_1_129' title='bbox 379 2684 540 2767; x_wconf 84' lang='lat' dir='ltr'>Vindicet,</span> <span class='ocrx_word' id='word_1_130' title='bbox 564 2699 618 2753; x_wconf 83' lang='lat' dir='ltr'>sut</span> <span class='ocrx_word' id='word_1_131' title='bbox 634 2688 792 2753; x_wconf 78' lang='lat' dir='ltr'>Crassum.</span> <span class='ocrx_word' id='word_1_132' title='bbox 821 2687 867 2753; x_wconf 90' lang='lat' dir='ltr'>sic</span> <span class='ocrx_word' id='word_1_133' title='bbox 879 2685 969 2756; x_wconf 82' lang='lat' dir='ltr'>fotus.</span> <span class='ocrx_word' id='word_1_134' title='bbox 992 2708 1158 2753; x_wconf 88' lang='lat' dir='ltr'>murmure</span> <span class='ocrx_word' id='word_1_135' title='bbox 1171 2686 1269 2753; x_wconf 78' lang='lat' dir='ltr'>sentit</span> 
     </span>
     <span class='ocr_line' id='line_1_21' title="bbox 383 2790 1255 2879; baseline -0.001 -21"><span class='ocrx_word' id='word_1_136' title='bbox 383 2792 559 2859; x_wconf 89' lang='lat' dir='ltr'>Consilium</span> <span class='ocrx_word' id='word_1_137' title='bbox 573 2792 739 2859; x_wconf 63' lang='lat' dir='ltr'>demum</span> <span class='ocrx_word' id='word_1_138' title='bbox 754 2793 847 2857; x_wconf 85' lang='lat' dir='ltr'>viros:</span> <span class='ocrx_word' id='word_1_139' title='bbox 870 2814 950 2879; x_wconf 88' lang='lat' dir='ltr'>quos</span> <span class='ocrx_word' id='word_1_140' title='bbox 964 2790 1120 2857; x_wconf 71' lang='lat' dir='ltr'>lentsrlus</span> <span class='ocrx_word' id='word_1_141' title='bbox 1132 2792 1255 2857; x_wconf 85' lang='lat' dir='ltr'>omneis</span> 
     </span>
     <span class='ocr_line' id='line_1_22' title="bbox 382 2895 1047 2977; baseline -0.002 -15"><span class='ocrx_word' id='word_1_142' title='bbox 382 2896 518 2964; x_wconf 75' lang='lat' dir='ltr'>Virtutis</span> <span class='ocrx_word' id='word_1_143' title='bbox 532 2897 676 2977; x_wconf 87' lang='lat' dir='ltr'>stimulis,</span> <span class='ocrx_word' id='word_1_144' title='bbox 697 2908 729 2963; x_wconf 89' lang='lat' dir='ltr'>et</span> <span class='ocrx_word' id='word_1_145' title='bbox 743 2897 905 2963; x_wconf 83' lang='lat' dir='ltr'>nobilitste</span> <span class='ocrx_word' id='word_1_146' title='bbox 918 2895 1047 2961; x_wconf 88' lang='lat' dir='ltr'>dolendi</span> 
     </span>
     <span class='ocr_line' id='line_1_23' title="bbox 297 2998 1236 3089; baseline -0.002 -24"><span class='ocrx_word' id='word_1_147' title='bbox 297 3006 360 3065; x_wconf 88' lang='grc'>880</span> <span class='ocrx_word' id='word_1_148' title='bbox 384 2998 558 3080; x_wconf 74' lang='lat' dir='ltr'>Praecessit,</span> <span class='ocrx_word' id='word_1_149' title='bbox 581 3001 755 3089; x_wconf 79' lang='lat' dir='ltr'>dignasque</span> <span class='ocrx_word' id='word_1_150' title='bbox 768 3000 841 3067; x_wconf 88' lang='lat' dir='ltr'>tulit</span> <span class='ocrx_word' id='word_1_151' title='bbox 855 3000 953 3067; x_wconf 91' lang='lat' dir='ltr'>modo</span> <span class='ocrx_word' id='word_1_152' title='bbox 968 2998 1107 3067; x_wconf 72' lang='lat' dir='ltr'>Connus</span> <span class='ocrx_word' id='word_1_153' title='bbox 1120 3022 1236 3067; x_wconf 75' lang='lat' dir='ltr'>voeess.</span> 
     </span>
     <span class='ocr_line' id='line_1_24' title="bbox 426 3103 1183 3194; baseline -0.003 -21"><span class='ocrx_word' id='word_1_154' title='bbox 426 3108 549 3173; x_wconf 85' lang='lat' dir='ltr'>Siccine</span> <span class='ocrx_word' id='word_1_155' title='bbox 564 3104 755 3173; x_wconf 72' lang='lat' dir='ltr'>Thessalicus</span> <span class='ocrx_word' id='word_1_156' title='bbox 770 3118 907 3171; x_wconf 86' lang='lat' dir='ltr'>mentem</span> <span class='ocrx_word' id='word_1_157' title='bbox 922 3105 1045 3194; x_wconf 76' lang='lat' dir='ltr'>fregere</span> <span class='ocrx_word' id='word_1_158' title='bbox 1057 3103 1183 3171; x_wconf 68' lang='lat' dir='ltr'>ruine?</span> 
     </span>
     <span class='ocr_line' id='line_1_25' title="bbox 383 3208 1136 3277; baseline 0 -1"><span class='ocrx_word' id='word_1_159' title='bbox 383 3209 460 3276; x_wconf 81' lang='lat' dir='ltr'>Une</span> <span class='ocrx_word' id='word_1_160' title='bbox 473 3211 539 3277; x_wconf 83' lang='lat' dir='ltr'>dies</span> <span class='ocrx_word' id='word_1_161' title='bbox 553 3211 666 3277; x_wconf 88' lang='lat' dir='ltr'>mundi</span> <span class='ocrx_word' id='word_1_162' title='bbox 680 3210 842 3277; x_wconf 78' lang='lat' dir='ltr'>domuerit</span> <span class='ocrx_word' id='word_1_163' title='bbox 855 3208 942 3276; x_wconf 69' lang='lat' dir='ltr'>futu?</span> <span class='ocrx_word' id='word_1_164' title='bbox 962 3209 1136 3277; x_wconf 79' lang='lat' dir='ltr'>secundum</span> 
     </span>
     <span class='ocr_line' id='line_1_26' title="bbox 381 3312 1191 3401; baseline -0.002 -20"><span class='ocrx_word' id='word_1_165' title='bbox 381 3314 562 3382; x_wconf 83' lang='lat' dir='ltr'>Emathium</span> <span class='ocrx_word' id='word_1_166' title='bbox 577 3315 614 3381; x_wconf 89' lang='lat' dir='ltr'>lis</span> <span class='ocrx_word' id='word_1_167' title='bbox 624 3328 712 3383; x_wconf 80' lang='lat' dir='ltr'>tenta</span> <span class='ocrx_word' id='word_1_168' title='bbox 727 3312 843 3381; x_wconf 82' lang='lat' dir='ltr'>detur?</span> <span class='ocrx_word' id='word_1_169' title='bbox 860 3315 946 3401; x_wconf 84' lang='lat' dir='ltr'>jecet</span> <span class='ocrx_word' id='word_1_170' title='bbox 959 3336 1055 3379; x_wconf 85' lang='lat' dir='ltr'>omne</span> <span class='ocrx_word' id='word_1_171' title='bbox 1067 3313 1191 3381; x_wconf 87' lang='lat' dir='ltr'>cruenti</span> 
     </span>
     <span class='ocr_line' id='line_1_27' title="bbox 381 3416 1217 3507; baseline -0.002 -23"><span class='ocrx_word' id='word_1_172' title='bbox 381 3418 531 3486; x_wconf 81' lang='lat' dir='ltr'>Vulneris</span> <span class='ocrx_word' id='word_1_173' title='bbox 546 3419 723 3487; x_wconf 79' lang='lat' dir='ltr'>auxilium?</span> <span class='ocrx_word' id='word_1_174' title='bbox 745 3418 828 3484; x_wconf 89' lang='lat' dir='ltr'>solos</span> <span class='ocrx_word' id='word_1_175' title='bbox 841 3419 909 3497; x_wconf 89' lang='lat' dir='ltr'>tibi,</span> <span class='ocrx_word' id='word_1_176' title='bbox 935 3416 1065 3507; x_wconf 70' lang='lat' dir='ltr'>Magne,</span> <span class='ocrx_word' id='word_1_177' title='bbox 1090 3418 1217 3505; x_wconf 87' lang='lat' dir='ltr'>reliquit</span> 
     </span>
     <span class='ocr_line' id='line_1_28' title="bbox 293 3521 1269 3612; baseline 0.001 -26"><span class='ocrx_word' id='word_1_178' title='bbox 293 3528 356 3588; x_wconf 82' lang='grc'>885</span> <span class='ocrx_word' id='word_1_179' title='bbox 380 3525 572 3592; x_wconf 75' lang='lat' dir='ltr'>Parthorum</span> <span class='ocrx_word' id='word_1_180' title='bbox 591 3526 732 3592; x_wconf 74' lang='lat' dir='ltr'>Fortuna</span> <span class='ocrx_word' id='word_1_181' title='bbox 746 3522 866 3611; x_wconf 79' lang='lat' dir='ltr'>pedes?</span> <span class='ocrx_word' id='word_1_182' title='bbox 887 3522 962 3610; x_wconf 90' lang='lat' dir='ltr'>quid</span> <span class='ocrx_word' id='word_1_183' title='bbox 981 3522 1142 3612; x_wconf 76' lang='lat' dir='ltr'>transfugo</span> <span class='ocrx_word' id='word_1_184' title='bbox 1157 3521 1269 3588; x_wconf 90' lang='lat' dir='ltr'>mundi</span> 
     </span>
     <span class='ocr_line' id='line_1_29' title="bbox 381 3626 1145 3714; baseline 0 -21"><span class='ocrx_word' id='word_1_185' title='bbox 381 3626 555 3694; x_wconf 83' lang='lat' dir='ltr'>Terrarum</span> <span class='ocrx_word' id='word_1_186' title='bbox 571 3642 654 3695; x_wconf 89' lang='lat' dir='ltr'>totos</span> <span class='ocrx_word' id='word_1_187' title='bbox 668 3641 798 3706; x_wconf 85' lang='lat' dir='ltr'>tructus,</span> <span class='ocrx_word' id='word_1_188' title='bbox 814 3626 991 3714; x_wconf 89' lang='lat' dir='ltr'>ooelumque</span> <span class='ocrx_word' id='word_1_189' title='bbox 1003 3648 1145 3712; x_wconf 83' lang='lat' dir='ltr'>perosus,</span> 
     </span>
     <span class='ocr_line' id='line_1_30' title="bbox 384 3730 1162 3819; baseline 0 -24"><span class='ocrx_word' id='word_1_190' title='bbox 384 3730 610 3819; x_wconf 85' lang='lat' dir='ltr'>Adversosque</span> <span class='ocrx_word' id='word_1_191' title='bbox 623 3731 722 3817; x_wconf 90' lang='lat' dir='ltr'>polos,</span> <span class='ocrx_word' id='word_1_192' title='bbox 746 3730 909 3817; x_wconf 75' lang='lat' dir='ltr'>alienaque</span> <span class='ocrx_word' id='word_1_193' title='bbox 921 3730 1025 3796; x_wconf 85' lang='lat' dir='ltr'>sideru</span> <span class='ocrx_word' id='word_1_194' title='bbox 1037 3730 1162 3817; x_wconf 80' lang='lat' dir='ltr'>quoeris,</span> 
     </span>
     <span class='ocr_line' id='line_1_31' title="bbox 383 3834 1079 3902; baseline -0.001 -2"><span class='ocrx_word' id='word_1_195' title='bbox 383 3834 552 3901; x_wconf 83' lang='lat' dir='ltr'>Cheldseos</span> <span class='ocrx_word' id='word_1_196' title='bbox 567 3836 689 3902; x_wconf 78' lang='lat' dir='ltr'>crdture</span> <span class='ocrx_word' id='word_1_197' title='bbox 702 3835 789 3901; x_wconf 80' lang='lat' dir='ltr'>focos</span> <span class='ocrx_word' id='word_1_198' title='bbox 800 3849 833 3901; x_wconf 86' lang='lat' dir='ltr'>et</span> <span class='ocrx_word' id='word_1_199' title='bbox 846 3834 980 3901; x_wconf 83' lang='lat' dir='ltr'>burbers</span> <span class='ocrx_word' id='word_1_200' title='bbox 990 3856 1079 3900; x_wconf 83' lang='lat' dir='ltr'>sucre</span> 
     </span>
     <span class='ocr_line' id='line_1_32' title="bbox 382 3938 1264 4028; baseline -0.005 -21"><span class='ocrx_word' id='word_1_201' title='bbox 382 3940 576 4008; x_wconf 77' lang='lat' dir='ltr'>Parthorum</span> <span class='ocrx_word' id='word_1_202' title='bbox 590 3938 748 4007; x_wconf 77' lang='lat' dir='ltr'>famulus?</span> <span class='ocrx_word' id='word_1_203' title='bbox 770 3941 846 4028; x_wconf 92' lang='lat' dir='ltr'>quid</span> <span class='ocrx_word' id='word_1_204' title='bbox 860 3962 955 4006; x_wconf 85' lang='lat' dir='ltr'>csuss</span> <span class='ocrx_word' id='word_1_205' title='bbox 968 3938 1150 4005; x_wconf 86' lang='lat' dir='ltr'>obtenditur</span> <span class='ocrx_word' id='word_1_206' title='bbox 1164 3938 1264 4003; x_wconf 81' lang='lat' dir='ltr'>ermis</span> 
     </span>
     <span class='ocr_line' id='line_1_33' title="bbox 294 4042 1263 4132; baseline -0.005 -21"><span class='ocrx_word' id='word_1_207' title='bbox 294 4054 358 4111; x_wconf 76' lang='grc'><strong>840</strong></span> <span class='ocrx_word' id='word_1_208' title='bbox 381 4048 552 4114; x_wconf 76' lang='lat' dir='ltr'>Libertatis</span> <span class='ocrx_word' id='word_1_209' title='bbox 566 4042 680 4112; x_wconf 78' lang='lat' dir='ltr'>arnor?</span> <span class='ocrx_word' id='word_1_210' title='bbox 701 4045 851 4111; x_wconf 87' lang='lat' dir='ltr'>miserum</span> <span class='ocrx_word' id='word_1_211' title='bbox 866 4044 942 4132; x_wconf 87' lang='lat' dir='ltr'>quid</span> <span class='ocrx_word' id='word_1_212' title='bbox 957 4043 1076 4129; x_wconf 87' lang='lat' dir='ltr'>decipis</span> <span class='ocrx_word' id='word_1_213' title='bbox 1089 4042 1212 4121; x_wconf 88' lang='lat' dir='ltr'>orbem,</span> <span class='ocrx_word' id='word_1_214' title='bbox 1256 4044 1263 4053; x_wconf 91' lang='lat'>&#39;</span> 
     </span>
     <span class='ocr_line' id='line_1_34' title="bbox 380 4148 1189 4239; baseline -0.009 -20"><span class='ocrx_word' id='word_1_215' title='bbox 380 4154 417 4219; x_wconf 88' lang='lat' dir='ltr'>si</span> <span class='ocrx_word' id='word_1_216' title='bbox 431 4155 546 4219; x_wconf 82' lang='lat' dir='ltr'>servire</span> <span class='ocrx_word' id='word_1_217' title='bbox 559 4148 673 4239; x_wconf 79' lang='lat' dir='ltr'>potes?</span> <span class='ocrx_word' id='word_1_218' title='bbox 695 4161 738 4229; x_wconf 88' lang='lat' dir='ltr'>te,</span> <span class='ocrx_word' id='word_1_219' title='bbox 754 4171 848 4237; x_wconf 86' lang='lat' dir='ltr'>quem</span> <span class='ocrx_word' id='word_1_220' title='bbox 866 4149 1013 4214; x_wconf 77' lang='lat' dir='ltr'>Romanu</span> <span class='ocrx_word' id='word_1_221' title='bbox 1026 4161 1189 4237; x_wconf 83' lang='lat' dir='ltr'>regentem</span> 
     </span>
     <span class='ocr_line' id='line_1_35' title="bbox 381 4252 1178 4344; baseline -0.008 -21"><span class='ocrx_word' id='word_1_222' title='bbox 381 4258 521 4325; x_wconf 87' lang='lat' dir='ltr'>Horruit</span> <span class='ocrx_word' id='word_1_223' title='bbox 534 4258 688 4335; x_wconf 79' lang='lat' dir='ltr'>nuditum,</span> <span class='ocrx_word' id='word_1_224' title='bbox 708 4278 802 4344; x_wconf 75' lang='lat' dir='ltr'>quen</span> <span class='ocrx_word' id='word_1_225' title='bbox 817 4267 926 4340; x_wconf 77' lang='lat' dir='ltr'>captos</span> <span class='ocrx_word' id='word_1_226' title='bbox 940 4254 1056 4319; x_wconf 88' lang='lat' dir='ltr'>ducere</span> <span class='ocrx_word' id='word_1_227' title='bbox 1072 4252 1178 4342; x_wconf 80' lang='lat' dir='ltr'>Reges</span> 
     </span>
    </p>
   </div>
   <div class='ocr_carea' id='block_1_3' title="bbox 301 4437 1514 4509">
    <p class='ocr_par' dir='ltr' id='par_1_3' title="bbox 301 4437 1514 4509">
     <span class='ocr_line' id='line_1_36' title="bbox 301 4437 1514 4509; baseline -0.008 -14"><span class='ocrx_word' id='word_1_228' title='bbox 301 4450 357 4495; x_wconf 76' lang='grc'><strong>810.</strong></span> <span class='ocrx_word' id='word_1_229' title='bbox 378 4448 517 4509; x_wconf 78' lang='lat' dir='ltr'>Ercitosque</span> <span class='ocrx_word' id='word_1_230' title='bbox 532 4444 615 4509; x_wconf 77' lang='lat' dir='ltr'>mue]</span> <span class='ocrx_word' id='word_1_231' title='bbox 632 4442 739 4500; x_wconf 67' lang='lat' dir='ltr'>Panos</span> <span class='ocrx_word' id='word_1_232' title='bbox 750 4441 821 4492; x_wconf 72' lang='lat' dir='ltr'>elios-</span> <span class='ocrx_word' id='word_1_233' title='bbox 886 4446 943 4491; x_wconf 75' lang='grc'><strong>889.</strong></span> <span class='ocrx_word' id='word_1_234' title='bbox 968 4466 1024 4479; x_wconf 95' lang='grc'>-</span> <span class='ocrx_word' id='word_1_235' title='bbox 1035 4443 1180 4496; x_wconf 69' lang='lat' dir='ltr'>Quidm</span> <span class='ocrx_word' id='word_1_236' title='bbox 1190 4437 1396 4490; x_wconf 60' lang='lat' dir='ltr'>suasurum</span> <span class='ocrx_word' id='word_1_237' title='bbox 1513 4457 1514 4460; x_wconf 44' lang='lat'>¹</span> 
     </span>
    </p>
   </div>
   <div class='ocr_carea' id='block_1_4' title="bbox 266 4511 1394 4816">
    <p class='ocr_par' dir='ltr' id='par_1_4' title="bbox 266 4511 1394 4816">
     <span class='ocr_line' id='line_1_37' title="bbox 268 4511 1394 4591; baseline -0.007 -18"><span class='ocrx_word' id='word_1_238' title='bbox 268 4538 315 4591; x_wconf 84' lang='lat' dir='ltr'>que</span> <span class='ocrx_word' id='word_1_239' title='bbox 327 4523 434 4573; x_wconf 87' lang='lat' dir='ltr'>Orientis</span> <span class='ocrx_word' id='word_1_240' title='bbox 443 4523 550 4585; x_wconf 69' lang='lat' dir='ltr'>populun</span> <span class='ocrx_word' id='word_1_241' title='bbox 584 4523 692 4572; x_wconf 82' lang='lat' dir='ltr'>Grotius.</span> <span class='ocrx_word' id='word_1_242' title='bbox 951 4520 1081 4569; x_wconf 74' lang='lat' dir='ltr'>Libertatis</span> <span class='ocrx_word' id='word_1_243' title='bbox 1096 4517 1193 4583; x_wconf 66' lang='lat' dir='ltr'>metri]</span> <span class='ocrx_word' id='word_1_244' title='bbox 1219 4516 1271 4566; x_wconf 83' lang='lat' dir='ltr'>Cur</span> <span class='ocrx_word' id='word_1_245' title='bbox 1290 4511 1394 4565; x_wconf 67' lang='lat' dir='ltr'>licenti!</span> 
     </span>
     <span class='ocr_line' id='line_1_38' title="bbox 299 4584 1393 4670; baseline -0.011 -18"><span class='ocrx_word' id='word_1_246' title='bbox 299 4608 355 4652; x_wconf 74' lang='lat' dir='ltr'>ms</span> <span class='ocrx_word' id='word_1_247' title='bbox 373 4604 492 4652; x_wconf 62' lang='lat' dir='ltr'>marran</span> <span class='ocrx_word' id='word_1_248' title='bbox 513 4604 604 4652; x_wconf 67' lang='grc' dir='ltr'>ωιιιιη</span> <span class='ocrx_word' id='word_1_249' title='bbox 611 4584 697 4670; x_wconf 62' lang='lat' dir='ltr'>ficu]</span> <span class='ocrx_word' id='word_1_250' title='bbox 731 4600 820 4666; x_wconf 72' lang='lat' dir='ltr'>Ignem</span> <span class='ocrx_word' id='word_1_251' title='bbox 853 4593 1393 4651; x_wconf 61' lang='lat' dir='ltr'>numerumnunerum</span> 
     </span>
     <span class='ocr_line' id='line_1_39' title="bbox 266 4672 1306 4741; baseline -0.012 -8"><span class='ocrx_word' id='word_1_252' title='bbox 266 4682 339 4733; x_wconf 86' lang='lat' dir='ltr'>deum</span> <span class='ocrx_word' id='word_1_253' title='bbox 352 4680 532 4732; x_wconf 66' lang='lat' dir='ltr'>curiosorum.</span> <span class='ocrx_word' id='word_1_254' title='bbox 563 4678 670 4731; x_wconf 69' lang='lat' dir='ltr'>Grotius</span> <span class='ocrx_word' id='word_1_255' title='bbox 851 4674 1169 4741; x_wconf 74' lang='lat' dir='ltr'>impedsnstipossumus?</span> <span class='ocrx_word' id='word_1_256' title='bbox 1202 4672 1306 4723; x_wconf 72' lang='lat' dir='ltr'>Grotius</span> 
     </span>
     <span class='ocr_line' id='line_1_40' title="bbox 816 4769 833 4816; baseline 0 0"><span class='ocrx_word' id='word_1_257' title='bbox 816 4769 833 4816; x_wconf 78' lang='lat'><em>5</em></span> 
     </span>
    </p>
   </div>
   <div class='ocr_carea' id='block_1_5' title="bbox 0 0 1565 5309">
    <p class='ocr_par' dir='ltr' id='par_1_5' title="bbox 0 0 1565 5309">
     <span class='ocr_line' id='line_1_41' title="bbox 0 0 1565 5309; baseline 0 0"><span class='ocrx_word' id='word_1_258' title='bbox 0 0 1565 5309; x_wconf 95' lang='lat' dir='ltr'> </span> 
     </span>
    </p>
   </div>
  </div>
 </body>
</html>
