3092 5309
266 576 338 643 996
566 561 623 638 Μ.
664 560 868 637 ANNAEI
902 562 1134 643 LUCANI

367 776 400 842 Si
415 794 491 841 vero
507 774 695 863 Stygiosque
709 774 805 854 lacus,
820 775 985 862 ripamque
998 789 1161 843 sonantem

365 879 497 968 Ignibus
511 879 685 958 ostendam,
709 879 734 943 si
750 902 802 945 me
815 895 970 965 prasente
983 880 1082 947 videri

364 990 556 1057 Eumenides
570 1004 704 1075 possent.
728 990 897 1077 villosaque
910 991 992 1057 colla
1004 992 1143 1059 colubris

173 1082 179 1101 ⁸
277 1102 342 1161 665
366 1095 522 1161 Cerberus
535 1096 709 1175 excutiens,
729 1107 760 1161 et
775 1096 871 1161 vincti
885 1109 975 1185 terga
989 1097 1159 1185 Gigantes3

363 1199 444 1277 Quis
458 1201 554 1267 timor
567 1201 673 1289 ignavi
687 1212 860 1267 metuentes
874 1222 1003 1265 cernere
1016 1201 1148 1267 manes?

406 1303 540 1369 Pectora
553 1316 630 1369 tunc
643 1306 783 1391 primum
798 1304 930 1369 ferventi
943 1306 1098 1393 sauguine
1107 1306 1232 1394 supplet

362 1408 555 1473 Vulneribus
569 1408 674 1475 laxata
688 1410 795 1473 novis:
818 1409 954 1495 taboque
967 1408 1118 1475 medullas

362 1512 490 1578 Abluit:
513 1525 545 1579 et
560 1514 644 1579 virus
658 1512 745 1601 large
758 1512 869 1579 lunare
881 1514 1048 1581 ministrat.

276 1620 340 1683 670
364 1616 442 1683 Huc
456 1618 606 1706 quicquid
620 1618 685 1685 fetu
699 1618 812 1707 genuit
826 1618 950 1684 Natura
963 1618 1089 1685 sinistro

361 1722 524 1789 Miscetur.
547 1745 613 1789 non
627 1744 738 1809 spuma
752 1744 877 1799 canum
899 1721 1012 1810 quibus
1027 1722 1115 1787 unda
1128 1722 1235 1788 timori
1247 1735 1304 1802 est,

362 1828 490 1895 Viscera
505 1850 571 1894 non
585 1828 693 1917 lyncis,
716 1850 782 1893 nou
797 1827 877 1893 dire
891 1826 993 1893 nodus
1006 1828 1131 1915 byoeuae

354 1933 475 2012 Defuit,
498 1947 531 2003 et
544 1933 627 1999 cerri
641 1933 722 2019 pasti
736 1944 894 2019 serpentes
908 1930 1045 1998 medulla
1057 1957 1066 1998 ι

361 2037 436 2103 Non
451 2038 583 2123 puppim
598 2039 746 2117 retinens,
770 2036 860 2103 Euro
874 2036 1022 2103 tendente
1035 2035 1193 2117 rudentes,

274 2145 337 2209 675
359 2141 399 2207 Ιιι
414 2142 524 2207 mediis
538 2141 681 2207 echeneis
696 2142 796 2229 aquis,
812 2140 956 2228 oculique
968 2140 1154 2219 draconum,

362 2248 508 2335 Quaeque
522 2261 637 2313 sonant
645 2246 710 2313 feta
723 2246 878 2333 tepefacta
890 2246 950 2313 sub
963 2245 1038 2311 alite
1052 2268 1146 2313 saxa:

358 2354 433 2420 Non
449 2355 592 2420 Arabum
608 2352 734 2419 volucer
748 2374 884 2439 serpens,
902 2353 1072 2439 innataque
1086 2350 1189 2417 rubris

360 2464 557 2553 AEquoribus
572 2475 676 2529 custos
691 2464 839 2551 pretiosae
852 2464 961 2549 vipera
973 2461 1115 2539 conchae,

360 2572 428 2637 Aut
443 2570 573 2635 viventis
588 2569 691 2635 adbuc
707 2569 821 2657 Libyci
835 2566 1020 2633 menbrana
1033 2578 1173 2646 cerastae,

273 2684 337 2742 680
360 2677 427 2742 Aut
442 2675 519 2740 cinis
535 2674 604 2739 an
617 2676 710 2760 positi
724 2673 884 2739 Pboeuicis
897 2672 930 2737 in
945 2695 1010 2738 ara.

358 2787 435 2865 Quo
449 2798 614 2873 postquam
626 2784 710 2863 viles,
734 2797 766 2852 et
780 2784 930 2851 babentes
943 2784 1075 2848 nomina
1088 2794 1190 2869 pestes

357 2892 520 2958 Contulit:
541 2888 672 2955 infundo
683 2902 835 2955 saturatas
849 2888 988 2955 carmine
1001 2886 1138 2967 bundas,

359 2997 401 3063 Et
416 2998 528 3084 quibus
542 3018 578 3061 os
592 2996 698 3059 dirum
712 2997 910 3061 nascentibus
924 2996 1052 3081 inspuit,
1076 2994 1190 3061 herbas

359 3101 494 3167 Addidit
509 3114 540 3167 et
555 3099 704 3187 quicquid
719 3100 841 3167 mundo
855 3098 944 3166 dedit
957 3101 1027 3185 ipsa
1039 3099 1173 3165 veneni:

249 3306 301 3373 cus]
319 3302 381 3351 Satis
391 3302 452 3349 bene
468 3302 586 3369 Deficere.
604 3298 646 3349 sed
657 3298 744 3349 melius
754 3308 797 3356 est
861 3304 918 3349 676.
936 3301 1038 3361 Quaque
1053 3299 1195 3362 museto
1211 3298 1325 3364 macto
1335 3298 1374 3346 ud

248 3383 313 3449 quod
325 3380 468 3431 &cemanni
478 3380 552 3429 codex
564 3378 677 3443 suggedt
829 3379 882 3426 alite
891 3393 947 3427 sura
957 3376 980 3443 r]
998 3377 1094 3425 AEtites.
1129 3377 1235 3426 Grotius.

271 3470 368 3511 mentm
377 3466 623 3509 DEFLEquturutua
630 3464 696 3504 nutu.
862 3460 919 3504 678.
935 3481 1001 3493 -
1013 3458 1093 3504 Castor
1108 3458 1218 3518 pretim
1233 3458 1313 3518 urbm
1323 3471 1373 3505 cor·

249 3542 319 3591 Adeo
340 3539 461 3589 exhorruit
480 3539 575 3602 juvenis
599 3538 743 3600 Pompeius;
769 3547 798 3586 nt
829 3533 898 3597 cheu]
917 3531 1062 3582 Cbeiouites.
1096 3534 1202 3583 Grotius.

247 3638 297 3673 non
313 3638 385 3669 arum
401 3621 504 3683 capicere
522 3620 637 3668 Veuidcre
647 3630 795 3682 apparatum.
860 3614 915 3659 ⁶⁸⁶·
931 3634 996 3649 ····
1009 3610 1133 3675 fflsfflffl
1144 3628 1268 3660 *mm
1276 3614 1374 3673 W*

245 3700 340 3751 lumina
350 3698 398 3747 alio
407 3697 548 3748 deflecteret.
581 3698 684 3747 Ovidius
695 3700 796 3747 Metam.
925 3688 1037 3745 ΜΝ»
1050 3698 1071 3738 ti
1088 3693 1198 3738 dmm
1214 3693 1315 3739 meltum
1330 3691 1376 3736 dil·

246 3779 286 3828 ffi,
298 3783 353 3827 739¹
826 3766 906 3813 cordio
918 3762 1029 3831 lingum]
1062 3764 1145 3813 Codex
1163 3766 1262 3830 Regius,
1279 3764 1374 3814 NIMI-

269 3864 446 3912 ΝΜ
453 3867 585 3913 mmmm
592 3872 662 3903 mm.
669 3864 741 3903 mm
827 3841 884 3891 UM
894 3845 1022 3891 discordia.

271 3926 404 3966 merem.
859 3926 915 3971 691.
931 3946 997 3959 —
1014 3922 1048 3970 m
1061 3923 1174 3983 plurem
1188 3924 1258 3970 r'llirae
1274 3922 1375 3971 meuse

278 4008 335 4052 666.
349 4028 415 4040 -
432 4004 507 4052 Simo
521 4010 634 4064 promte
650 3998 735 4068 sidus]
759 4016 797 4049 me
828 4000 917 4067 eadm]
935 4000 1009 4049 Hanc
1025 3999 1151 4050 tectionem
1163 4003 1375 4063 uosmprohsm

245 4091 368 4146 mactante
379 4078 518 4141 rescriptum
526 4078 612 4127 eratin
625 4077 682 4128 MS.
690 4076 719 4127 T.
730 4076 794 4142 quod
827 4078 902 4127 MSS.
918 4092 1008 4127 omnes
1043 4077 1134 4128 &auru
1153 4078 1216 4127 iuter
1233 4078 1375 4128 discilium

243 4162 325 4222 probo.
359 4158 463 4207 Grotius.
826 4156 891 4215 dieu,
902 4172 973 4221 quem
981 4156 1070 4205 ductus
1077 4158 1154 4207 edunt
1161 4158 1260 4220 impacti
1270 4156 1375 4220 scopulis.

277 4242 332 4288 671.
347 4262 413 4275 -
426 4238 482 4285 Nou
501 4250 582 4297 spuma
594 4232 699 4299 cunum]
730 4233 794 4282 Cum
826 4234 860 4283 Et
869 4236 964 4297 proprie
974 4235 1013 4283 bic
1022 4236 1119 4298 ponitur
1129 4235 1252 4298 pineum:
1264 4247 1297 4294 ut,
1307 4238 1375 4299 plor·

244 4316 290 4364 boe
300 4322 414 4378 eppentu
424 4314 630 4375 instrumentoque
636 4310 731 4375 magico
737 4324 795 4359 eon·
824 4323 885 4376 gunt
894 4316 1081 4381 buwoflactur.
1113 4316 1220 4364 Grotius.

244 4394 280 4443 fer
291 4392 406 4442 Ovidium
425 4392 525 4440 Mam.
542 4390 581 4437 vii.
599 4390 681 4438 Senes·
696 4388 796 4437 Medw
858 4396 915 4441 697.
939 4393 974 4441 m
992 4394 1077 4441 Rectus
1091 4403 1167 4449 terra,
1184 4411 1252 4457 quem
1268 4396 1334 4454 longo
1349 4392 1372 4439 ιἰι

245 4472 375 4521 Horatium
388 4470 490 4533 Epodon
501 4484 523 4517 v.
552 4468 658 4518 Grffias.
691 4466 741 4515 Alii
753 4484 793 4516 eo·
955 4476 1033 4521 recula
1044 4482 1135 4537 torquet

243 4550 307 4599 dices
317 4552 433 4598 omittunt
448 4548 520 4599 EST.
559 4548 663 4604 Rectius,
681 4548 738 4611 quia
755 4562 793 4595 ae·
931 4552 1182 4621 Μωαῦαιηαραῃ]
1198 4548 1370 4617 Perpenmbic

241 4628 324 4692 quitur
335 4628 481 4687 Consanum,
498 4642 548 4676 nou
560 4624 662 4675 Vocalis.
827 4628 976 4693 Interpreter,
998 4632 1079 4689 Qua·
1100 4634 1173 4684 derum
1193 4641 1289 4699 torquet
1302 4628 1369 4679 diua
