3092 5309
224 582 295 651 aas
496 574 550 659 u.
585 577 785 663 aunan
818 530 1041 669 Lucam

202 848 204 853 ,
243 790 304 853 180
332 791 461 859 Gratim
472 818 538 863 eaae
550 798 665 878 solum,
687 820 752 865 non
766 822 866 887 parvo
878 803 1011 892 pignore
1024 803 1116 869 vobio

333 894 479 963 Ostendi·
507 904 608 995 tenuit
620 914 744 969 noatma
757 904 819 971 bac
831 905 941 973 obaide
951 906 1071 973 Iaeaboa

334 1000 508 1071 Adfectus:
526 1006 578 1073 bic
594 1030 682 1073 aaora
695 1008 820 1088 domna,
834 1012 961 1097 eurique
971 1025 1109 1097 putata,

250 1164 254 1173 ,
335 1106 403 1174 Hic
417 1112 496 1177 mibi
513 1114 617 1181 Roma
630 1114 698 1181 fuit.
724 1138 791 1182 non
804 1116 912 1183 uliain
922 1116 1029 1183 littora
1037 1115 1172 1205 puppim

334 1212 421 1280 Ante
435 1216 828 1309 dedibigienmaeviaum
843 1221 1071 1287 Coeaaaiairam

250 1322 310 1381 185
331 1317 404 1385 Jam
419 1323 530 1389 scirem
545 1326 699 1404 meritam,
715 1340 835 1392 servata
848 1328 996 1415 conjuge,
1011 1325 1151 1404 Ieabon,

335 1422 412 1491 Non
426 1428 542 1496 veritus
555 1442 676 1495 tantam
689 1430 791 1495 veniae
805 1431 1001 1497 oommittere
1012 1430 1106 1496 vobia

334 1526 515 1597 Materiam.
544 1533 599 1598 aed
609 1534 677 1619 jam
691 1534 765 1599 satia
778 1544 826 1599 eat
838 1533 947 1599 feoiaae
959 1546 1126 1599 nooeuteat

336 1630 414 1698 Fata
428 1634 507 1699 mihi
521 1648 624 1702 totum
637 1658 709 1701 mea
723 1648 796 1702 aunt
809 1636 959 1725 agitanda
970 1658 1029 1724 per
1042 1636 1162 1701 orbam.

333 1733 411 1802 Heu
424 1739 556 1805 nimium
567 1739 642 1805 felix
655 1752 776 1806 oetemo
786 1741 914 1806 nomine
929 1740 1058 1819 Iaeaboa
1279 1749 1281 1753 '

255 1838 318 1898 140
340 1836 413 1905 Sive
426 1840 520 1907 doma
533 1843 679 1929 populoa,
697 1844 863 1932 Regeaque
876 1843 1041 1909 admittere
1055 1840 1225 1929 Magnum,

334 1942 397 2009 Seu
410 1958 541 2031 prmus
554 1946 632 2013 mihi
644 1945 710 2013 sola
720 1946 828 2013 fidem.
856 1968 931 2013 uam
941 1954 1274 2034 quaereraoertumeet

330 2044 392 2115 Faa
406 2052 520 2139 quibua
533 2053 567 2117 in
580 2051 679 2130 terrie,
691 2050 746 2117 ubi
761 2052 802 2117 sit
815 2052 922 2118 aoelua.
948 2052 1056 2137 aoeipe
1068 2070 1197 2128 numen,

194 2180 197 2189 ·
329 2148 365 2215 Si
379 2154 465 2240 quod
480 2154 584 2223 adhuc
598 2177 722 2221 meeum
736 2177 783 2235 ee,
797 2166 943 2221 votomm
954 2170 1272 2221 extremamaommt

332 2258 518 2331 Daaimilea
534 2262 1152 2351 Leabopopuloaquimartembaotum

247 2361 308 2423 145
332 2362 407 2431 Non
423 2366 540 2435 intnue
554 2392 626 2435 auoa
640 2368 752 2435 infeato
764 2368 1023 2454 Coeaareportua,

332 2464 408 2533 Non
421 2472 634 2539 exirevetent
666 2472 758 2551 dixit,
776 2484 983 2561 moeatamqne
995 2471 1114 2538 mrinoe

332 2568 488 2659 Imposuit
501 2578 658 2645 comitem.
692 2590 822 2644 cimctoa
835 2590 959 2644 mutue
968 2588 1095 2664 putare·

331 2673 503 2760 Tellurem,
520 2683 693 2771 patriaque
707 2683 828 2751 aulum:
850 2683 896 2748 aic
909 2682 1014 2748 iittore
1027 2692 1096 2747 toto

332 2778 507 2873 Plangittu,
523 2786 643 2853 infestae
657 2786 831 2853 tenduntur
844 2786 878 2851 in
892 2785 1011 2853 oetbera
1023 2784 1166 2851 datrae:

247 2883 309 2947 150
332 2883 584 2980 Pompeiumque
597 2892 711 2972 minua,
726 2893 815 2978 oujua
831 2891 972 2957 Fortuna
985 2888 1126 2957 dolorem

331 2990 489 3075 Moverat,
506 2981 554 3061 aat
567 2996 663 3075 iliam,
678 3018 772 3084 quam
784 3009 853 3062 toto
866 3007 1009 3082 tempore
1022 2993 1096 3061 belli

331 3095 379 3163 Ut
392 3100 491 3167 civem
506 3102 613 3168 videno
626 3124 724 3181 auam,
740 3102 900 3167 diaoadere
912 3120 1044 3167 oernena
1314 3180 1319 3187 ¹

330 3200 490 3293 Ingemuit
503 3207 653 3294 populun:
674 3228 768 3295 quam
783 3207 838 3272 vix
851 3207 878 3272 ai
892 3218 994 3272 oaatra
1007 3203 1112 3270 mariti
1252 3236 1257 3243 ·

331 3306 470 3377 Victoria
483 3324 613 3399 peteret,
629 3312 718 3377 aiocia
729 3311 888 3378 dimittere
900 3322 1015 3375 mattea

220 3499 222 3509 Ι
252 3416 312 3476 155
333 3412 407 3480 ‚lam
422 3428 569 3503 poterant
584 3417 692 3483 oeulis:
716 3428 806 3483 tanto
818 3414 961 3481 devinxit
974 3434 1082 3481 amore

334 3518 408 3585 Hos
418 3523 533 3608 pudor,
549 3521 608 3588 boa
617 3522 769 3609 probitas,
785 3521 924 3608 castique
936 3518 1088 3586 modestia
1101 3517 1217 3597 vultua,

333 3626 432 3703 Quod
448 3631 600 3697 submiaaa
610 3631 714 3709 nimia,
729 3630 809 3695 nulli
822 3630 927 3719 gravia
940 3627 1064 3713 boapita
1077 3625 1192 3705 turbae,

335 3730 453 3798 Stantia
467 3732 572 3801 adbuc
589 3733 645 3799 fati
659 3734 739 3799 vixit
751 3734 840 3821 quasi
854 3734 989 3821 oonjuge
1002 3732 1095 3796 vieto.

380 3834 452 3900 Jam
468 3836 581 3927 pelago
592 3836 712 3903 medios
727 3835 825 3902 'I'itan
839 3836 989 3901 demiaaua
1003 3833 1044 3899 ad
1058 3834 1162 3934 ignea,
1194 3842 1200 3847 '

252 3942 313 4001 160
335 3934 405 4005 Nec
419 3940 532 4029 quibua
546 3940 723 4020 abscondit,
732 3942 829 4008 neoai
843 3940 957 4028 quibua
970 3938 1071 4003 exerit
1082 3936 1205 4014 orbem,

335 4041 439 4111 Totua
453 4059 531 4112 erat:
555 4046 663 4137 vigiles
678 4045 823 4132 Pompeii
837 4046 870 4110 in
885 4056 1012 4131 pectore
1025 4063 1111 4107 curte

332 4148 427 4215 Nunc
442 4152 540 4217 aoeiaa
555 4150 673 4219 adeunt
689 4150 828 4217 Romani
842 4144 1084 4223 foederiaurbea,
1239 4146 1242 4149 ’

285 4292 291 4299 -
335 4252 379 4319 Et
393 4258 494 4323 varias
508 4278 619 4349 regum
635 4268 764 4335 mentes,
780 4276 865 4321 nunc
878 4254 963 4319 invia
975 4249 1087 4316 mundi
1106 4256 1111 4267 “
1182 4288 1192 4303 ·

219 4477 288 4525 Μ,
310 4469 360 4533 ipae
382 4472 471 4540 alioqui
487 4474 603 4526 benddo
617 4490 668 4526 non
679 4490 772 4527 uatuua.
840 4478 894 4524 1⁶³.
908 4498 974 4512 —-
985 4474 1062 4522 Natat
1075 4471 1236 4521 immadi

220 4546 327 4599 Gratim
903 4550 1139 4615 Amanum
1155 4550 1218 4602 “ks
1230 4549 1368 4602 duem·

254 4628 308 4675 15⁸.
324 4631 414 4680 Statuit
424 4632 502 4681 aditae
510 4630 573 4699 fati]
586 4630 699 4683 Cornelia
708 4642 773 4683 atae·
806 4647 852 4697 qao
862 4628 988 4695 innodo}
1003 4626 1072 4679 unt·
1086 4626 1260 4688 anjam
1294 4627 1367 4677 Gau·

217 4702 312 4767 rann,
322 4716 355 4767 ut
374 4714 459 4763 mne
478 4712 568 4763 mna
579 4714 676 4765 auno
709 4713 771 4763 ero
804 4709 860 4761 eu

215 4778 271 4829 tius
839 4788 967 4839 uu-
980 4782 1368 4853 neumae-uelum
