3092 5309
473 556 835 673 rnnnsnunn
877 592 986 692 nra.
1022 596 1112 673 vn.
1285 539 1358 679 sss

334 812 409 879 Non
419 811 485 896 jam
502 809 646 895 Pompeii
660 830 776 873 nomen
790 806 943 893 populare
955 828 1014 893 per
1027 809 1147 891 orbem,

247 926 312 987 695
335 917 404 983 Nec
418 914 555 979 studium
570 913 657 978 belli:
681 913 735 977 sed
749 932 818 999 par,
833 911 919 997 quod
934 933 1056 998 semper
1070 914 1233 995 hebemus,

335 1026 488 1102 Libertus,
503 1034 535 1088 et
551 1022 659 1087 cesar
670 1032 781 1087 erunt:
804 1032 897 1105 teque
909 1020 984 1085 inde
998 1020 1107 1109 lugeto

336 1126 489 1193 Ostendet
500 1124 646 1202 moriens,
662 1123 720 1187 sibi
735 1146 767 1187 se
781 1144 945 1211 pugnasse,
963 1122 1105 1189 Senatus.

379 1230 495 1295 Nonne
504 1232 594 1315 juvat
608 1228 730 1315 pulsum
744 1226 832 1291 bellis
846 1227 979 1305 cessim
994 1249 1054 1293 nec
1067 1229 1151 1296 istud

338 1335 540 1419 Prospectare
555 1332 648 1410 nesus,
664 1332 854 1417 spumanteis
868 1329 955 1395 crede
974 1333 1138 1399 catervas?

250 1442 314 1502 700
339 1437 471 1521 Respice
485 1436 626 1500 turbatos
640 1435 766 1513 incursu
781 1435 939 1523 sanguinis
953 1456 1072 1514 amnes,

338 1540 382 1605 Et
395 1540 493 1604 soceri
508 1540 653 1603 miserere
666 1540 723 1605 tui.
744 1559 809 1626 quo
822 1549 950 1624 pectore
964 1538 1101 1604 Romam

337 1644 473 1709 Intrabit
486 1642 585 1709 faetus
600 1644 717 1729 campis
731 1640 851 1708 felicior
864 1641 954 1707 istis?

336 1747 496 1833 Quicquid
511 1748 544 1811 in
558 1749 673 1835 ignotis
687 1747 770 1813 solus
784 1747 963 1835 regionibus
977 1749 1064 1828 exul,

338 1852 498 1939 Quicquid
513 1852 570 1917 sub
587 1852 704 1919 Phario
718 1852 837 1937 positus
850 1853 968 1938 patiere
981 1868 1137 1941 tyrannm

250 1961 315 2025 705
339 1956 442 2022 Crede
456 1956 547 2036 Deis,
562 1957 658 2046 longo
671 1956 807 2023 fatorum
821 1957 915 2022 crede
927 1957 1036 2023 favori.

339 2061 474 2126 Vincere
488 2062 576 2147 pejus
590 2073 665 2127 erat.
688 2060 823 2148 prohibe
836 2061 972 2127 lamenta
985 2084 1107 2142 sonare,

340 2165 432 2230 Flere
447 2178 518 2231 veta
531 2164 683 2251 populos:
706 2164 868 2252 lacrymas,
883 2165 1046 2251 luctusque
1059 2167 1192 2233 remitte.

339 2268 423 2334 Tam
438 2268 520 2334 mala
535 2268 686 2355 Pompeii,
702 2291 797 2355 quam
810 2290 960 2355 prospere
973 2270 1110 2335 muudus
1123 2270 1241 2336 adoret

340 2374 456 2459 Aspice
470 2395 595 2439 securus
610 2374 697 2439 vultu
711 2396 776 2439 nou
791 2374 931 2460 supplice
944 2396 1051 2463 reges:
1115 2394 1119 2401 ’

252 2480 320 2542 710
342 2478 458 2563 Aspice
472 2498 624 2562 possessas
637 2478 739 2555 urbes,
754 2478 932 2564 donataque
945 2500 1053 2566 regna,

340 2580 529 2668 AEgyptum,
544 2582 752 2671 Libyamque,
768 2596 801 2648 et
814 2595 911 2647 terras
925 2582 1005 2671 elige
1019 2585 1123 2648 morti.

385 2684 474 2750 Vidit
488 2686 590 2771 prima
603 2701 667 2753 tuoe
681 2688 765 2753 testis
780 2687 906 2753 Larissa
919 2685 1019 2751 ruinoe

342 2787 469 2867 Nobile,
484 2812 543 2855 nec
556 2792 673 2857 victum
687 2791 757 2857 lutis
771 2804 883 2877 ceput:
906 2790 1052 2856 omnibus
1064 2791 1117 2857 illu

238 2950 242 2959 .
343 2892 473 2957 Civibus
487 2891 597 2959 effudit
611 2907 691 2960 totas
705 2917 764 2979 per
777 2896 895 2959 moenia
907 2896 989 2959 vires

253 2998 319 3059 715
343 2994 516 3071 Obviaceu
533 2996 622 3063 lueto:
646 2998 843 3083 preemittunt
857 3020 989 3063 munera
1001 2999 1128 3065 flentes:

344 3099 494 3166 Pandunt
507 3101 631 3188 templu,
643 3103 770 3168 domos:
794 3104 893 3168 socios
907 3126 940 3168 se
954 3103 1094 3169 cladibus
1106 3114 1226 3190 optant.

346 3205 469 3271 Scilicet
483 3206 636 3271 immenso
650 3219 790 3293 superest
802 3229 844 3273 ex
855 3208 984 3271 nomine
996 3206 1140 3286 multum,

345 3309 456 3396 Teque
470 3312 575 3376 minor
588 3312 671 3377 solo:
694 3324 823 3377 cunctas
835 3310 996 3397 impellere
1008 3324 1118 3399 gentes

344 3412 465 3479 Rursus
479 3415 513 3479 in
528 3438 616 3479 arms
629 3430 729 3499 potes,
744 3438 912 3501 rursusque
924 3415 959 3478 in
972 3414 1036 3480 fata
1049 3414 1162 3479 redire.

255 3521 323 3581 720
346 3518 408 3583 Sed
422 3518 498 3604 quid
514 3541 593 3604 opus
607 3520 690 3585 victo
704 3519 839 3605 populis,
854 3530 910 3584 aut
923 3518 1062 3596 urbibus,
1077 3518 1202 3606 inquit?

344 3620 466 3687 Victori
480 3635 626 3707 praestate
640 3623 745 3688 fidem.
790 3622 854 3701 Tu,
871 3623 988 3701 Cresar,
1003 3622 1038 3685 in
1051 3623 1117 3689 ulto

345 3724 450 3791 Caedis
464 3726 568 3792 adhuc
582 3728 707 3792 cumulo
721 3728 832 3813 petrioe
845 3748 903 3813 per
915 3728 1034 3791 viscera
1045 3727 1152 3792 radis:

344 3829 390 3893 At
404 3828 461 3893 tibi
470 3832 537 3916 jam
551 3832 685 3916 populos
698 3830 797 3896 donat
809 3852 915 3920 gener.
936 3830 1041 3896 avehit
1054 3831 1129 3897 inde

346 3932 533 4019 Pompeium
548 3937 689 4021 sonipes:
719 3936 863 4025 gemitus,
878 3935 1086 4021 lacrymaeque
1099 3949 1286 4023 sequuntur:

259 4036 280 4097 7
282 4040 323 4098 25
347 4035 547 4125 Plurimaque
557 4040 589 4103 in
601 4062 699 4105 saevos
712 4038 822 4125 populi
836 4039 977 4123 conviciq
989 4038 1087 4103 divos.

347 4139 442 4206 Nunc
457 4142 515 4207 tibi
528 4166 602 4209 vera
615 4142 693 4209 fides
702 4144 837 4233 quaesiti,
853 4142 985 4233 Magne,
999 4140 1113 4206 furoris

234 4350 293 4384 rum
303 4336 448 4388 fercelldem
456 4342 583 4401 ruistri-r,
591 4342 606 4393 d
613 4344 707 4395 duobus
714 4344 785 4394 malis
848 4345 904 4391 715.
912 4343 1064 4391 muner
1071 4342 1282 4407 mostratur]
1292 4342 1362 4398 Quo·

232 4414 313 4463 idtibi
323 4418 434 4474 mulsea,
445 4420 568 4483 quoderat
578 4422 664 4473 minue
699 4424 785 4473 Minus
815 4419 889 4469 modo
895 4423 1050 4483 praesumat,
1062 4420 1155 4484 quiipsi
1161 4420 1361 4470 cimamrmiuut.

235 4492 783 4566 ndumestbellccirilirinciquamrineere.
818 4495 1225 4547 couoeteeomnenmuear
1254 4497 1361 4560 &1³⁰⁰ss

234 4570 785 4645 miumviermmaroeisenrmiqnoe
862 4584 1057 4630 rnorurruur
1065 4588 1180 4631 norrun
1193 4589 1271 4629 sau.
1382 4568 1387 4576 '

232 4646 282 4735 ribi
292 4648 685 4707 berereliedubitarenondeber.
718 4658 781 4709 Gro-
817 4674 927 4733 nom,
940 4678 1278 4740 mmmmm
1301 4680 1363 4731 Nu..

234 4733 295 4772 ¹¹⁰⁸·
816 4752 879 4804 ret
897 4760 953 4805 aas.
