3092 5309
461 580 827 700 russanum
868 581 979 663 mn.
1013 585 1126 668 vrrr.
1276 610 1350 685 ssa

333 796 582 885 OEdipodionias
595 794 704 862 infelix
718 795 825 862 fabula
840 794 980 864 Thebas:

327 904 519 970 Parthorum
532 901 680 969 dominus
694 902 817 989 quoties
830 902 876 968 sic
889 905 1042 993 sanguine
1055 908 1150 977 misto

327 1007 476 1073 Nascitur
491 1004 678 1072 Arsacides?
692 1006 742 1072 cui
756 1004 803 1071 fas
816 1006 948 1093 implere
959 1024 1134 1095 parentem,

240 1120 305 1179 410
327 1112 416 1191 Quid
431 1134 501 1177 rear
516 1110 695 1178 essenchsi
705 1110 809 1199 proles
822 1124 889 1177 tam
903 1112 988 1179 clara
1002 1115 1126 1185 Metelli

330 1217 432 1285 Stabit
447 1217 611 1283 barbarico
626 1217 742 1303 conjux
757 1216 922 1283 millesima
934 1218 1027 1285 lecto.

329 1323 521 1409 Quanquam
535 1344 601 1387 non
615 1321 672 1387 ulli
681 1322 753 1407 plus
766 1323 870 1411 regia,
886 1322 1018 1413 Magne,
1033 1329 1157 1395 vacabit

327 1429 455 1495 Saevitia
468 1427 626 1493 stimulata
641 1428 759 1505 Venus,
773 1426 931 1515 titulisque
943 1430 1093 1498 virorum.

216 1594 223 1603 ,
327 1532 413 1598 Nam
427 1555 492 1620 quo
505 1531 596 1618 plura
605 1534 718 1618 juvent
732 1529 888 1598 Parthum
903 1545 1063 1618 portenta,
1080 1536 1176 1606 fuisse

240 1641 303 1703 415
328 1638 426 1704 Hanc
437 1639 513 1705 sciet
527 1650 560 1703 et
575 1638 691 1703 Crassi:
708 1658 765 1701 ceu
780 1635 905 1722 pridem
919 1636 1025 1705 debita
1039 1640 1111 1707 fatis

327 1744 472 1830 Assyriis,
488 1742 623 1809 trahitur
637 1740 733 1807 cladis
743 1741 867 1826 captiva
880 1754 1021 1809 vetustte.

327 1849 463 1915 Haereat
474 1848 553 1913 Eote
568 1847 679 1913 vulnus
690 1845 867 1911 miserabile
880 1848 984 1926 sortis3

330 1952 406 2033 lion
420 1952 522 2019 solum
536 1950 690 2018 auxilium
704 1949 829 2015 funesto
841 1975 863 2017 a
875 1973 951 2040 rege
963 1954 1087 2039 petisse,

330 2055 394 2123 Sed
408 2057 537 2145 gessisse
550 2058 637 2142 priua
651 2054 767 2120 bellurn
783 2055 874 2120 civile
886 2056 1026 2142 pudebit

241 2166 307 2224 420
332 2160 414 2225 Nam
429 2160 516 2248 quod
526 2158 612 2245 apud
627 2158 761 2245 populos
771 2159 892 2225 cumen
906 2163 1077 2249 socerique,
1088 2174 1241 2257 tuumque

328 2264 436 2352 Majus
446 2267 515 2343 erit,
530 2285 626 2351 quam
640 2263 727 2351 quod
743 2264 831 2329 vobis
843 2265 1045 2333 miscentibus
1055 2291 1153 2351 arma,

334 2370 520 2436 Crassorum
534 2368 674 2435 vindicta
686 2366 789 2454 perit?
801 2368 963 2435 incurrere
977 2374 1083 2437 cuncti

331 2473 518 2541 Debuerant
531 2474 564 2539 in
577 2472 695 2539 Bactra
708 2472 814 2551 duces,
836 2486 868 2540 ct
882 2496 924 2539 ne
937 2498 1001 2562 qua
1011 2491 1159 2545 vacarent

332 2580 442 2658 Arma,
458 2578 505 2645 vel
521 2580 677 2645 Arctoum
693 2578 802 2656 Dacis,
814 2576 983 2667 Rhenique
995 2584 1127 2649 catervis

238 2694 304 2752 425
329 2686 456 2772 lmcrii
471 2685 592 2751 nudare
605 2684 789 2764 lutharium
801 2685 924 2771 perlida
939 2688 1019 2753 Susa

330 2792 369 2857 ln
384 2790 522 2858 tumulos
535 2790 681 2877 prolapsa
694 2789 822 2868 ducum,
840 2789 1048 2880 Babylonque
1055 2793 1207 2879 jacerent.

331 2897 471 2984 Assyriae
484 2896 555 2982 paci
565 2894 674 2973 finem,
691 2894 845 2973 Fortuna,
859 2914 1038 2981 precamur:

330 3000 385 3079 Et,
400 3002 427 3065 si
442 2998 605 3065 Thessalia
620 2999 733 3067 bellum
749 2998 840 3064 civile
852 3016 1015 3086 peractum
1030 3014 1087 3081 est,

331 3106 385 3171 Ad
401 3104 547 3184 Parthos,
563 3106 618 3193 qui
632 3105 717 3183 vicit,
732 3116 793 3169 eat.
814 3125 895 3193 gens
908 3106 1003 3171 unica
1015 3107 1127 3174 mundi
1137 3121 1194 3190 est,

239 3219 307 3277 480
329 3212 383 3278 De
397 3234 460 3299 qus
475 3210 627 3277 Caesareis
640 3209 758 3295 possim
768 3209 908 3298 gaudere
918 3211 1096 3297 triumphis.

329 3316 405 3381 Non
420 3315 487 3393 tibi,
503 3314 736 3402 quamprimum
747 3312 890 3402 gelidum
900 3315 1047 3381 transibis
1058 3318 1211 3401 Araxcm,

332 3421 458 3489 Umbra
468 3422 549 3487 senis
564 3420 667 3486 moesti
684 3419 840 3507 Scythicis
853 3419 982 3487 confixa
995 3423 1115 3511 sagittis

331 3526 458 3617 Ingeret
473 3527 529 3593 has
543 3524 653 3593 voces?
667 3538 712 3603 tu,
724 3547 819 3613 quem
833 3537 905 3611 post
917 3524 1028 3593 fiunem
1041 3541 1150 3597 nostra

331 3632 478 3699 Ultorem
489 3633 631 3697 cinerum
646 3630 743 3696 nudae
757 3631 948 3717 speravimus
962 3631 1095 3713 umbrae,

244 3746 310 3805 435
332 3737 386 3802 Ad
401 3736 514 3815 foedus,
530 3757 705 3823 pacemque
717 3732 831 3801 venis?
853 3747 921 3800 tum
935 3736 1073 3823 plurima
1086 3738 1185 3807 cladis

330 3843 507 3909 Occurrent
521 3842 715 3908 monimenta
727 3840 803 3905 tibi:
822 3843 1143 3928 quoemoeniatrunci
1320 3840 1324 3847 ’

213 4054 307 4112 patent.
340 4042 432 4107 Siquis
443 4043 511 4092 Num
523 4040 777 4107 quorispactohiora·
808 4039 946 4105 qttoslegss
959 4043 1113 4102 interdicunt,
1130 4060 1163 4095 na
1180 4058 1287 4100 mam
1304 4054 1358 4118 qui.

212 4125 305 4179 'tinam
322 4130 376 4169 tum
387 4120 519 4183 legandum
529 4119 582 4177 crit,
810 4116 875 4167 dam.
909 4118 1017 4170 Grotius.

245 4218 768 4269 —urrmrqusnrrrurmeanaanur
844 4201 900 4247 ⁴2&
922 4200 991 4247 Nam
1005 4202 1068 4264 Μ
1087 4204 1153 4264 ’Μ
1170 4205 1279 4273 mos]
1296 4210 1364 4259 Nan

254 4302 311 4348 ³99.
330 4298 636 4346 Polluhs'snumerr'r-
812 4275 875 4337 Μ
893 4282 919 4322 ⁸
938 4276 1013 4329 Μ
1031 4280 1099 4341 Μ
1115 4292 1165 4327 '²⁰¹¹
1180 4279 1363 4333 “Mum'‘-

338 4372 499 4442 conj-getas]
522 4372 632 4431 usna,
649 4372 668 4421 s
686 4372 777 4423 avara
807 4360 885 4443 ¹¹⁰²?
912 4351 1304 4445 numerusnumerous
1319 4361 1363 4412 de

223 4452 310 4512 mx·
328 4453 463 4517 conjugii*
810 4430 859 4479 Ιώ
867 4432 1060 4495 mmihi·
1069 4442 1138 4495 lim,

326 4624 491 4749 aitrau
508 4682 780 4747 rampuns-pro
835 4608 1142 4720 &mmm

219 4765 289 4815 suis.
325 4760 415 4811 Nullos
434 4762 516 4811 horret
535 4761 677 4811 concubium
694 4774 781 4811 ωιιιιιι
845 4769 903 4817 497.
918 4768 1100 4838 Αιψίαμιι]
1118 4770 1231 4823 Εᾱοιιίιιι
1247 4772 1364 4828 Carmii.
