3092 5309
449 568 807 675 Pn‘unsunrn
850 598 963 677 mn.
1004 600 1081 679 vr.
1237 616 1311 689 29⁷

184 826 253 883 685
322 815 416 882 Tunc
430 836 493 883 vox
508 808 657 883 thoeos
671 818 793 883 cunetis
805 816 975 905 pollentior
988 817 1097 886 herbis

281 922 460 990 Excantare
474 923 573 1002 Deos,
596 922 762 989 conlimdit
776 944 941 992 murmura
955 926 1094 1011 primum

277 1028 428 1107 Dissona,
451 1039 483 1093 et
496 1026 645 1095 humanm
659 1027 796 1094 multum
809 1028 968 1095 discordia
980 1024 1112 1119 linguae.
1192 1040 1198 1053 '

276 1132 425 1199 Latratus
439 1132 535 1199 habet
548 1132 602 1199 illa
615 1154 740 1213 canum,
763 1134 963 1223 gemitusque
977 1128 1137 1223 luporum.

279 1238 379 1317 Quod
392 1240 533 1326 trepidus
547 1238 644 1319 bubo,
668 1240 754 1329 quod
770 1240 850 1306 strix
863 1252 1022 1307 nocturna
1035 1254 1231 1330 quaeruntur,

184 1350 254 1409 690
279 1342 378 1421 Quod
392 1340 525 1411 strident
539 1342 723 1433 ululantque
735 1344 821 1425 ferte,
844 1338 932 1434 qu'od
947 1346 1051 1413 sibilat
1065 1348 1189 1439 anguis,

277 1448 448 1535 Exprimit,
471 1445 503 1515 et
517 1449 664 1537 planetus
674 1448 764 1514 illisae
779 1451 922 1517 cautibus
937 1451 1048 1531 undoe,

275 1553 496 1642 Silvarumque
510 1575 633 1633 sonum,
649 1550 826 1643 'iratumne
839 1557 979 1622 tonitrua
993 1558 1097 1622 nubis.

275 1658 343 1725 Tot
356 1682 462 1726 rerum
477 1680 541 1726 vox
556 1680 623 1725 uns
635 1652 703 1726 fuit.
747 1684 825 1727 mox
839 1673 954 1727 easmra
969 1674 1067 1727 canto

274 1762 423 1851 Explicat
439 1764 624 1843 Haemonio,
647 1758 854 1855 penetratque
867 1764 901 1830 in
917 1757 1055 1831 Tartaru
1068 1764 1187 1857 lingua.
1217 1832 1223 1841 ,

183 1876 250 1933 695
319 1868 522 1948 Eumenides,
547 1870 754 1958 Stygiumque
768 1868 866 1948 nefas,
888 1863 1056 1958 poenisque
1069 1884 1252 1953 noeentum,

197 2052 200 2061 ,
273 1972 316 2039 Et
332 1974 439 2040 Chaos
452 1975 635 2041 innumeros
650 1972 779 2039 avidum
793 1969 987 2039 mnfondere
1001 1974 1149 2056 mundos,

273 2077 317 2144 Et
333 2080 454 2147 Rector
467 2090 570 2157 terrae,
594 2097 689 2165 quem
703 2077 800 2168 longa
813 2080 847 2143 in
861 2080 966 2145 secula
980 2091 1109 2167 torquet

272 2182 365 2248 Mors
380 2182 476 2250 dilata
491 2182 596 2261 deum,
618 2184 708 2271 styx,
732 2194 764 2248 et
778 2204 858 2271 quoa
872 2180 957 2250 nulla
971 2196 1112 2250 meretur

270 2286 439 2367 Tbeasalis,
464 2284 600 2376 Elysios,
623 2287 753 2367 ooelnm,
768 2285 964 2375 matremque
978 2310 1091 2373 perosa

180 2395 249 2456 700
271 2392 484 2479 Persephone,
506 2402 687 2478 nostraeque
704 2390 845 2458 Hecates
858 2414 932 2479 pars
946 2392 1070 2471 ultima,
1097 2416 1157 2479 per
1170 2416 1265 2483 quam

271 2496 424 2563 Manibus
438 2507 471 2563 et
485 2488 565 2561 mibi
579 2508 653 2562 sunt
666 2497 771 2563 tacitae
785 2497 974 2563 commercia
988 2497 1130 2588 linguae:

270 2603 396 2669 canitur
409 2613 441 2669 et
455 2595 537 2669 sedis
551 2596 643 2681 laxoe,
667 2603 722 2689 qui
736 2604 855 2668 viscera
869 2625 954 2668 soeao

271 2708 401 2797 Spargis
414 2718 523 2774 nostra
537 2708 628 2793 cani:
652 2709 846 2797 repetitaque
859 2708 915 2774 fila
928 2730 1051 2774 sorores

270 2811 433 2879 Fracturae
444 2804 457 2877 :¹
473 2824 571 2901 tuque
585 2835 607 2878 o
620 2812 783 2902 flagrantis
797 2813 933 2900 portitor
947 2814 1044 2879 undoe

180 2916 246 2981 705
269 2916 342 2983 Jarn
357 2917 468 2984 lassate
483 2940 580 2983 senex
595 2918 636 2983 ad
651 2940 702 2983 me
716 2918 919 2985 redeuntibus
934 2920 1072 2985 umbris:

270 3020 429 3089 Exaudite
443 3044 561 3109 preces,
583 3024 608 3088 si
623 3046 678 3088 voa
693 3024 766 3089 satis
782 3046 838 3089 ore
852 3018 1000 3103 nefando,

269 3126 459 3215 Pollutoque
472 3150 563 3204 roeo,
587 3129 612 3193 si
628 3150 791 3215 nunquam
805 3128 876 3193 lroec
890 3131 1031 3195 earmina
1043 3129 1132 3195 libris
1245 3162 1249 3168 ·

270 3230 433 3299 Humanis
442 3234 552 3321 jejuna
566 3256 658 3313 oeno,
683 3235 708 3299 si
722 3246 853 3320 pectora
866 3234 960 3319 plena

1276 1511 1286 1544 d

157 3432 182 3480 in
194 3432 268 3497 longa
282 3434 371 3483 secula
389 3448 455 3483 mors
469 3450 522 3483 suar
540 3433 601 3485 adeo
617 3443 645 3485 ut
660 3450 709 3499 pru
765 3444 1247 3493 *apamaenum

158 3512 230 3560 sortis
241 3513 367 3576 iniquitate
379 3512 480 3562 tedium
491 3514 546 3563 rite
557 3529 614 3563 eum
625 3514 709 3576 capiat.
764 3503 874 3551 M
883 3503 993 3551 ΗΜ·
1005 3505 1216 3553 ”imm
1226 3513 1301 3555 W

158 3588 199 3637 Tu
211 3604 267 3639 varo
277 3592 344 3640 Mora
354 3594 423 3640 deum
441 3592 480 3640 hic
491 3590 579 3653 accipe,
590 3606 634 3653 pro
645 3593 708 3641 Deo·

156 3680 225 3717 m.-
246 3668 326 3725 Quem
338 3668 513 3717 morsdeorum
524 3666 566 3716 diu
579 3667 652 3716 dilata
659 3676 707 3716 tor·
742 3663 840 3727 Quippe
856 3663 955 3728 Elysios
971 3676 1022 3711 non
1043 3661 1127 3712 oderat
1143 3662 1293 3727 Proserpina,

157 3750 215 3807 quet
225 3752 251 3793 et
261 3744 359 3794 cruciet
385 3745 493 3793 storum
504 3744 543 3793 bic
554 3744 605 3809 agit
616 3744 708 3801 Noster,
741 3756 802 3805 qnos
812 3740 859 3803 ipsi
872 3740 940 3790 Corio
958 3740 1071 3803 pruurlit.
1088 3741 1154 3805 Styx,
1172 3751 1198 3790 et
1215 3742 1295 3807 Elysii

156 3828 184 3868 ut
194 3836 295 3883 uper.
328 3822 367 3870 Ea
378 3836 462 3871 eorum
473 3821 597 3879 sententia,
610 3820 636 3869 in
651 3834 708 3869 eea-
741 3820 827 3880 campi,
848 3818 968 3870 exaudite.

159 3894 298 3962 &pretium
308 3897 394 3947 mundi
411 3898 494 3947 omnla
512 3906 618 3960 pereunt,
635 3897 707 3945 etiam
773 3900 829 3946 702
844 3922 910 3937 —·
923 3901 971 3953 Qua·
980 3900 1069 3948 ιὶιαιι
1079 3914 1138 3947 aare

159 3974 204 4036 ipsi
217 3976 259 4040 qui
271 3990 336 4024 nune
357 3975 407 4024 Dii.
441 3974 516 4038 Optat
534 3975 609 4040 igitur
626 3974 708 4035 Pluto,
853 3980 949 4039 Spargis
964 3985 1045 4025 mura
1055 3975 1141 4041 aunis]
1158 3975 1254 4026 Servius
1265 3976 1297 4026 ad

160 4064 246 4103 sortem
259 4070 329 4104 suam
339 4056 435 4105 tertiam
444 4070 508 4120 agre
518 4054 603 4111 ferens,
612 4063 641 4102 ut
651 4069 707 4103 cen·
740 4055 771 4105 vi.
788 4056 847 4104 AEn.
882 4056 916 4103 Et
933 4057 990 4117 quio
1001 4056 1031 4101 de
1040 4056 1122 4101 anima
1132 4055 1243 4103 dicturus
1253 4063 1295 4110 ert,

160 4131 349 4198 llamtioeitius
368 4134 416 4192 liat,
436 4143 461 4183 et
477 4133 598 4183 inmundi
610 4148 708 4181 renova·
740 4133 867 4197 benefacit
878 4140 934 4179 orate
951 4132 1295 4186 Cerberioomnammtr'eaem,

159 4212 222 4260 tione
232 4212 271 4260 vel
283 4212 360 4260 Maris
379 4212 416 4261 vel
435 4212 508 4261 edam
526 4210 587 4261 Coeli
604 4210 649 4259 sibi
659 4225 708 4259 sor-
740 4211 891 4262 consumeris
919 4223 1048 4269 tomorum.
1091 4208 1222 4255 Lamnus.-
1251 4210 1295 4271 qul

159 4296 206 4338 tem
216 4299 302 4353 speret.
739 4294 827 4343 uiscera
844 4306 905 4340 rouo
925 4290 1019 4351 &argis
1034 4296 1113 4335 matra
1129 4288 1193 4335 caru.
1226 4288 1295 4338 Tuae

187 4376 243 4421 698.
258 4376 398 4437 -Styu
410 4382 433 4422 et
448 4388 506 4436 quos
519 4376 584 4421 uallo
604 4382 707 4423 seretur
739 4372 904 4421 animantum
918 4370 992 4420 locam
1011 4381 1079 4415 mum
1096 4364 1223 4426 arripiunt,
1240 4380 1296 4414 eum

260 4452 386 4511 Treueris,
393 4452 493 4517 Elysios,
502 4454 589 4509 celum,
598 4460 706 4501 matrem·
730 4449 817 4514 suerit
828 4464 911 4511 corpur
922 4446 1060 4494 obeuntum.
1084 4440 1210 4489 Nimimm
1221 4442 1295 4509 sigtr-

283 4546 327 4593 que
339 4546 423 4593 perusa
739 4548 773 4594 pu
782 4524 862 4575 Graeci
872 4524 1063 4583 dietumpatant,
1072 4517 1138 4566 velut
1149 4518 1214 4584 ιμῦι
1223 4519 1296 4586 papale.

254 4607 416 4673 Persephone]
434 4606 496 4656 Hae
511 4606 625 4658 mendosa
636 4614 703 4656 suntz
741 4602 850 4654 Grotius·

156 4680 287 4748 lagoenas
297 4684 350 4737 aliis
360 4684 488 4745 codicibus,
771 4685 829 4732 705.
841 4677 1121 4743 -Repelt'lssqxefila
1130 4690 1219 4725 mm
