3092 5309
260 563 335 628 418
470 609 471 612 s
556 541 614 618 M.
651 537 860 619 ANNAEI
897 540 1122 624 LUCANl

381 756 529 843 Votaque
543 753 752 820 thuricremos
765 775 832 819 non
845 752 936 819 irrita
952 753 1036 822 fudit
1047 757 1083 824 in
1096 759 1196 848 ignes.

295 868 360 934 990
381 863 439 931 Dii
454 861 608 936 cinerum,
633 857 789 948 Phrygias
803 857 905 924 colitis
917 859 1098 948 qrucsmque
1110 866 1230 947 retinas5

375 967 562 1054 AEnuaeque
573 961 646 1042 mei,
668 985 748 1051 quos
762 985 849 1028 nnuc
862 963 998 1031 Lavinia
1006 965 1096 1032 sedes

384 1073 499 1140 Servat
513 1081 545 1135 et
561 1067 646 1134 Alba
659 1067 751 1145 lares,
774 1079 807 1134 et
821 1089 959 1153 quorum
972 1068 1057 1135 luoet
1070 1071 1106 1136 in
1120 1073 1183 1138 aris

385 1177 475 1266 Ignis
489 1173 596 1242 adhuc
611 1171 782 1262 Phrygius,
805 1171 945 1259 nullique
960 1187 1086 1260 aspecta
1099 1177 1243 1244 virorum

387 1281 502 1360 Pallas,
525 1279 560 1344 in
574 1279 718 1344 abstruso
731 1277 848 1366 pignus
861 1278 1065 1346 memorabile
1078 1281 1209 1369 templo,

299 1393 363 1456 995
385 1385 500 1454 Gentis
513 1384 615 1452 Juleoe
629 1380 738 1448 vestris
753 1381 941 1448 clarissimus
954 1384 1017 1448 aria

388 1493 458 1560 Dat
471 1492 524 1578 pia
538 1491 634 1558 thura
647 1511 759 1576 nepos,
782 1501 814 1554 et
827 1511 884 1555 uos
897 1489 932 1556 in
947 1489 1021 1556 sede
1034 1491 1135 1577 priori

387 1605 465 1671 Rite
479 1613 589 1669 vocat:
613 1601 686 1667 date
700 1601 804 1667 felices
817 1600 852 1668 in
867 1614 983 1668 eoetera
995 1624 1126 1669 cursus:

390 1707 569 1774 Restituam
583 1705 728 1794 populos.
748 1717 841 1796 grata
855 1705 922 1772 vioe
936 1707 1056 1772 moenia
1069 1707 1205 1775 reddent

389 1811 566 1880 Ausonidse
581 1809 775 1899 Phrygibus,
798 1811 1008 1900 Romamque
1023 1811 1181 1902 Pergama
1195 1829 1335 1905 surgent.

284 1923 368 1982 1000
391 1917 446 1985 aie
457 1917 549 1996 fatus,
573 1916 687 2002 repetit
701 1915 823 1994 classes,
845 1929 878 1982 et
891 1927 959 1982 tota
969 1917 1113 1983 secundis

389 2021 472 2090 Vela
485 2021 575 2088 dedit
590 2019 693 2100 Coris,
717 2019 890 2108 avidusque
904 2033 1038 2112 urgente
1050 2023 1191 2108 procella

391 2125 502 2194 iliacas
517 2147 649 2214 pensare
663 2147 779 2204 moras,
802 2125 975 2214 Asiamque
987 2138 1151 2213 potentem

390 2229 599 2311 Proevehitur‚
623 2230 800 2320 pelagoque
816 2230 958 2296 Rhodon
972 2244 1139 2318 spumante
1157 2233 1319 2323 relinquit·

392 2337 535 2424 Septima
546 2357 622 2415 nox,
648 2334 797 2424 Zephyro
812 2357 976 2423 nunquam
989 2335 1118 2403 hraute
1128 2339 1278 2406 rudentes

284 2445 368 2506 1006
391 2439 542 2507 Ostendit
555 2439 678 2506 Phariis
694 2439 850 2530 AEgyptia
864 2439 974 2506 littora
987 2440 1132 2507 flammis

393 2545 459 2612 Sed
472 2544 560 2632 prius
574 2558 645 2612 orta
659 2543 726 2610 dies
741 2557 930 2611 nocturnam
945 2545 1094 2633 lampada
1102 2547 1193 2627 texit,

392 2649 501 2728 Quom
516 2661 601 2716 tutas
613 2649 746 2716 intraret
758 2673 865 2738 aquas.
887 2650 933 2715 ibi
948 2651 1043 2737 plena
1056 2652 1197 2720 tumultu

392 2753 531 2834 Littors,
548 2767 580 2820 et
594 2754 717 2820 incerto
731 2755 874 2821 turbatas
887 2777 1158 2824 murmurevooes
1311 2760 1320 2768 ”

394 2859 542 2948 Accipit:
569 2883 607 2926 ao
621 2859 725 2926 dubiis
740 2861 857 2928 veritus
872 2884 905 2926 se
919 2861 1050 2928 credere
1062 2862 1169 2952 reguis

288 2970 372 3029 1010
394 2965 559 3032 Abstinuit
573 2964 686 3031 tellure
700 2967 786 3030 ratis.
809 2965 865 3032 sed
880 2965 951 3032 dira
964 2965 1087 3033 satelles

396 3069 495 3160 Regis
509 3070 595 3136 dona
609 3069 723 3148 ferens,
738 3069 881 3136 medium
895 3082 1063 3157 provectus
1075 3071 1110 3136 in
1124 3094 1248 3162 aequm,

396 3175 489 3243 Colla
500 3175 582 3268 gerit
598 3175 724 3264 Magni,
745 3173 865 3242 Phario
879 3174 1034 3242 velamine
1047 3187 1150 3244 tecta:

395 3287 447 3348 Ao
461 3283 549 3370 prius
564 3279 695 3346 infanda
710 3281 912 3347 commendat
926 3282 1060 3348 crimina
1074 3306 1161 3350 voce.

442 3387 618 3455 Terrarum
634 3386 784 3467 domitor,
804 3385 960 3454 Romanae
973 3389 1113 3454 maxime
1125 3390 1230 3479 gentis
1237 3417 1250 3469 ς

290 3497 370 3558 1015
394 3490 448 3570 Et,
463 3492 552 3580 quod
567 3491 672 3559 adhuc
687 3493 800 3571 nescis,
814 3514 933 3581 genero
946 3512 1055 3559 secure
1067 3505 1236 3580 peremt03

397 3595 473 3662 Rex
488 3598 546 3663 tibi
562 3596 696 3663 Pellaeus
712 3607 806 3662 terroe
818 3589 985 3686 pelagiqu'e
998 3597 1121 3664 labores

395 3699 522 3780 Donat,
539 3713 583 3780 et,
607 3697 764 3767 Emathiis
778 3700 866 3789 quod
880 3702 982 3767 solum
996 3701 1097 3769 defurit
1108 3703 1216 3783 armis,

397 3804 560 3872 Exhibet:
588 3805 713 3871 absenti
728 3805 849 3874 bellum
862 3807 954 3872 civile
967 3820 1131 3894 peractum
1142 3822 1200 3874 est·

319 4011 389 4058 1016.
405 4031 471 4048 ·—
493 4009 576 4058 Terra
592 4007 718 4070 pelagique
741 4005 840 4073 tatem]
906 4011 977 4058 1083.
992 4032 1061 4046 -
1075 4009 1260 4073 laetandas
1270 4019 1337 4064 noste

287 4085 383 4136 Omnes
394 4087 444 4137 fera
452 4085 548 4138 codices
560 4087 624 4137 Belli
631 4087 761 4150 pelagique.
777 4084 842 4134 Nos·
995 4085 1094 4148 Effigies
1103 4087 1212 4135 habitan
1230 4093 1281 4138 noti
1298 4097 1415 4138 natam
1503 4110 1505 4141 1

281 4174 319 4214 tar
330 4165 364 4216 lii.
383 4171 422 4214 at
872 4163 938 4230 orta]
950 4161 1019 4212 Nihil
1029 4162 1213 4228 ittoaangutra
1223 4166 1361 4232 languida
1376 4169 1413 4214 An
1502 4224 1503 4229 ¹

308 4251 485 4296 flurssttnnuts
494 4250 808 4305 mmmmm
874 4241 981 4305 languor
992 4239 1163 4290 women·
1175 4245 1311 4293 mutescit?
1326 4243 1414 4292 roseis
1501 4246 1504 4357 q

281 4327 356 4378 Silius
371 4329 396 4378 li.
409 4332 465 4379 579.
873 4322 978 4371 Laride·
1013 4318 1085 4368 0le
1103 4319 1167 4368 Met·
1183 4321 1231 4370 xit.
1248 4327 1301 4372 747.

271 4427 275 4438 ’
304 4417 819 4471 -mseamnduesmbm
896 4450 1414 4502 „mmmmm

285 4505 439 4559 Claudianus
448 4517 531 4560 tamen
542 4510 567 4558 in
580 4507 653 4559 lauda
664 4507 760 4559 Serena
769 4521 791 4556 v.
799 4510 838 4556 90.

285 4585 500 4654 rmafaeugqu
510 4589 603 4640 tome
844 4565 1232 4686 sfflfflvflifflfflffi
