3092 5309
476 497 832 578 rnnnsnsnn
864 499 976 578 tm.
1003 499 1076 579 m.
1276 453 1345 584 421

325 713 454 782 Credite
468 713 637 780 victorem:
657 711 749 778 nobis
765 735 893 802 quoque
906 712 968 779 tole
981 725 1129 801 peretum

323 819 457 887 Litteris
470 817 658 904 hospitium:
681 839 723 884 ne
737 819 782 885 sic
795 842 867 886 mee
880 817 963 886 ooiio
975 833 1138 909 gersntm,

325 921 498 990 Thessalioe
511 921 638 988 fortune
651 920 736 988 feeit.
758 924 880 1010 majore
892 922 1047 1011 profecto,

219 1036 301 1100 1086
325 1028 433 1106 Quem
447 1027 543 1092 metui
559 1039 695 1113 poteret,
710 1027 891 1094 discrimine
903 1030 1056 1117 gessimus
1068 1049 1173 1096 umet

329 1133 481 1212 Exilium,
496 1133 666 1222 generique
680 1132 792 1212 mines,
813 1133 1012 1222 Romamque
1027 1135 1195 1202 timebenrz

327 1239 430 1308 Poens
443 1239 529 1328 fugae
545 1238 735 1306 Ptolemaeue
749 1251 827 1306 eret
849 1240 905 1306 eed
918 1242 1077 1326 parcimus
1092 1241 1196 1322 aunis,

327 1345 557 1430 Donamusque
571 1342 666 1410 nefus.
693 1345 770 1412 sciet
783 1345 845 1410 hee
858 1367 919 1431 pro
932 1345 1021 1412 crede
1033 1357 1186 1433 tyrenum

326 1447 382 1514 Nil
396 1449 487 1514 venie
501 1447 570 1534 plus
584 1469 676 1534 posse
690 1449 770 1514 deri.
796 1471 851 1514 vos
865 1449 993 1516 condite
1008 1450 1103 1516 busto
1166 1514 1169 1518 Δ

226 1561 310 1620 1090
333 1553 431 1618 Tanti
446 1552 527 1618 colle
541 1552 646 1620 ducis:
673 1553 728 1619 sed
743 1575 820 1634 uon,
835 1566 873 1620 ut
884 1555 1019 1621 erimine
1031 1566 1157 1622 tantum

330 1657 443 1724 Vestro
457 1669 545 1747 teget
565 1657 666 1724 tellus.
682 1659 770 1744 justo
784 1659 858 1725 dete
871 1671 943 1726 ture
957 1661 1111 1747 sepulcro,

232 1839 234 1842 ¹
330 1762 375 1828 Et
389 1763 510 1850 placete
524 1774 630 1856 ceput,
658 1764 840 1852 cineresque
852 1764 887 1830 in
901 1765 1007 1832 littore
1021 1765 1105 1832 fusos

333 1866 490 1956 Colligite,
506 1879 601 1954 utque
615 1889 711 1934 unam
725 1869 841 1954 sparsis
853 1868 927 1934 dote
940 1870 1087 1937 menibus
1099 1892 1222 1936 urnam.
1321 1923 1326 1930 .

332 1971 455 2039 Sentiat
469 1971 639 2038 adventum
655 1971 765 2052 soceri,
777 1995 932 2060 vocesque
945 1975 1105 2061 querentis

226 2081 310 2142 1095
334 2075 456 2141 Audiat
469 2075 584 2142 umbre
598 2076 674 2162 pies.
698 2077 775 2143 dum
789 2077 881 2142 nobie
895 2079 1003 2144 omniu
1016 2077 1156 2165 proefert,

330 2179 422 2247 Dum
436 2180 533 2246 vitam
550 2179 668 2246 Phario
682 2180 803 2246 mavult
812 2181 929 2275 debere
942 2181 1059 2262 clienti,

333 2284 425 2350 Ltete
446 2284 513 2350 dies
527 2297 618 2372 rapte
631 2298 679 2350 est
692 2285 836 2373 populis:
862 2285 1033 2354 concordio
1046 2285 1168 2352 mundo

334 2390 453 2456 Nostra
466 2391 567 2477 perit:
594 2413 724 2459 cernere
738 2391 818 2456 Deis
831 2413 903 2456 mes
916 2402 991 2457 vote
1004 2391 1159 2474 secundis,

334 2495 383 2562 Ut
397 2507 428 2561 te
442 2495 625 2581 complexus
638 2494 746 2580 positis
760 2493 902 2560 felicibus
915 2493 1011 2559 armis

226 2607 313 2666 1100
336 2599 477 2666 Affectus
491 2599 547 2664 sbs
562 2611 594 2664 te
608 2611 736 2677 veteres,
753 2599 910 2686 vitemque
924 2619 1080 2687 rogarem,
1174 2633 1177 2638 ·

335 2703 467 2795 Magne,
483 2717 588 2770 tuem:
614 2704 775 2794 dignaque
796 2705 870 2770 setis
882 2703 1028 2770 meroede
1047 2704 1191 2771 laborum

338 2810 514 2889 Contentus
535 2831 594 2896 par
608 2831 674 2875 esse
688 2810 754 2874 tibi.
779 2821 855 2874 tuno
873 2831 952 2896 paee
966 2808 1054 2874 fideli

338 2915 506 2994 Fecissem,
518 2928 554 2980 ut
568 2915 668 2980 victus
681 2937 787 3000 posses
800 2915 963 3003 ignoscere
977 2914 1067 2992 divis,

337 3019 473 3086 Fecisset
488 3033 524 3085 ut
539 3019 644 3085 Roma
658 3017 745 3084 mihi.
765 3041 825 3084 nee
844 3018 1014 3085 tutaturus

229 3131 316 3189 1105
341 3123 465 3191 Invenit
479 3122 570 3190 fletus
583 3125 742 3203 comitem,
758 3145 818 3188 nec
832 3123 926 3188 turbs
939 3123 1083 3210 querenti

340 3229 500 3297 Credidit:
525 3229 721 3294 abscondunt
735 3229 881 3318 gemitus,
896 3240 928 3292 et
941 3239 1071 3314 pectore
1085 3227 1158 3294 laete

339 3336 458 3401 Fronte
473 3346 593 3424 tegunt,
609 3333 786 3422 hilaresque
800 3332 885 3400 netas
900 3345 1040 3418 spectare
1053 3343 1218 3400 cruentum

338 3439 385 3525 (O
399 3441 485 3509 boue
498 3440 638 3523 libertas)
654 3461 726 3506 cum
743 3439 851 3506 Caeser
865 3436 984 3527 lugeat,
999 3436 1126 3504 sudent.
