3092 5309
412 570 771 692 runnssnum
798 608 1001 694 nutv.

266 822 491 916 Cervicemque
504 826 563 893 viri
577 826 702 907 siccum,
717 849 792 895 cum
805 826 901 894 ferret
917 824 1106 914 Olympum,

181 934 243 994 610
265 928 374 1019 thue
390 933 505 999 iterum
518 930 603 999 fessis
616 933 723 1019 injecit
736 932 866 1000 brachis
879 929 1038 1009 membris,

263 1031 338 1099 Non
353 1035 522 1121 expectetis
537 1036 669 1103 Antaeus
687 1036 805 1103 viribus
814 1036 925 1114 bostis,

263 1138 383 1225 Sponte
393 1138 487 1220 cudit,
502 1140 663 1229 majorque
677 1150 808 1228 accepto
818 1140 935 1207 robore
945 1138 1055 1229 surgit.

264 1241 414 1331 Quisquis
427 1244 509 1311 inest
522 1245 622 1325 terris,
634 1246 669 1311 in
682 1244 778 1311 fessos
792 1246 917 1332 spiritus
930 1256 1020 1311 arnus

262 1344 423 1435 Egeritur:
437 1347 590 1436 tellusque
602 1350 671 1414 viro
684 1348 821 1415 luctante
833 1348 966 1415 lsborut.

179 1456 241 1517 645
265 1446 314 1519 Ut
326 1452 455 1537 tundem
465 1452 617 1519 auxilium
631 1465 723 1519 tsctae
737 1453 884 1541 prodesse
897 1451 1039 1541 parentis

263 1554 391 1622 Alcides
404 1557 510 1623 sensit:
526 1554 672 1623 standum
686 1569 733 1623 est
743 1556 811 1636 tibi,
820 1557 913 1636 dixit,
928 1569 960 1623 et
973 1556 1057 1621 ultro
1130 1622 1140 1637 ,

259 1657 336 1725 Non
349 1659 477 1727 credere
490 1659 567 1739 solo,
582 1662 739 1749 sternique
752 1662 896 1727 vetabere
908 1672 1003 1727 terrs:

260 1762 410 1831 Haerebis
423 1765 535 1852 pressis
547 1766 632 1833 intre
645 1788 717 1832 meo
729 1780 857 1853 pectora
869 1766 1030 1833 membris:
1154 1808 1164 1829 .

260 1867 350 1947 Huc,
365 1868 491 1951 Anteae,
506 1869 607 1938 cedes.
623 1872 667 1937 sic
680 1870 772 1952 fstus,
788 1872 912 1939 sustulit
924 1872 986 1937 ulte

181 1980 240 2040 660
261 1972 422 2040 rutensem
436 1974 471 2040 in
486 1987 583 2041 terrns
591 1974 749 2061 juvenem
764 1976 926 2043 morientis
939 1976 973 2041 in
983 1985 1071 2041 crtus

264 2072 339 2145 Non
352 2080 458 2165 potuit
471 2080 538 2145 nsti
552 2078 660 2145 Tellus
674 2081 867 2147 summittere
881 2082 971 2147 vires.

259 2182 386 2251 Alcides
400 2182 539 2250 medium
553 2184 665 2263 tenuit,
675 2184 743 2271 jum
756 2196 885 2271 pectore
897 2185 989 2274 pigro
1033 2180 1036 2185 ’

260 2288 377 2355 Stricta
388 2286 475 2379 gelu,
490 2288 642 2375 terrisque
655 2288 711 2357 diu
725 2311 792 2354 non
805 2288 939 2355 credidit
951 2289 1084 2357 hostem·

34 2434 35 2445 2
258 2392 349 2461 Hinc
362 2392 422 2458 oevi
435 2392 547 2459 veteris
561 2404 664 2459 custos
677 2392 797 2458 famoso
809 2404 957 2473 vetustus,

34 2540 35 2543 =
175 2502 237 2565 666
258 2496 472 2585 Miratrixque
486 2496 534 2563 sui
548 2496 681 2587 signavit
694 2498 942 2563 nominetenus.
996 2544 1000 2549 -

148 2676 154 2689 ¹
187 2652 192 2665 .
260 2601 324 2669 Sed
338 2601 459 2690 majora
471 2601 561 2669 dedit
577 2602 767 2693 cognomino
777 2603 908 2670 collibus
920 2601 997 2681 istis,

261 2706 398 2774 Poennm
411 2708 465 2795 qui
482 2706 582 2775 Latiis
592 2709 748 2775 revocavit
761 2709 803 2777 cb
816 2710 940 2776 arcibus
948 2708 1078 2776 hostem

258 2810 375 2898 Scipio.
390 2834 466 2878 nam
479 2812 567 2879 sedes
581 2812 703 2901 Libyes
717 2812 827 2881 tellure
839 2816 945 2902 potito

259 2914 344 2983 Hoec
354 2916 423 2985 fuit.
438 2940 478 3012 cn
492 2918 604 2985 veteris
618 2918 719 2984 cernis
732 2920 864 3009 vestigius
883 2920 967 2986 velli.

173 3026 235 3088 660
256 3021 404 3089 Romans
416 3021 475 3089 hos
488 3023 627 3110 primum
640 3022 885 3093 tenuitvictoris
894 3046 1032 3112 compos.

303 3126 402 3194 Curio
416 3126 547 3207 laetstus,
563 3139 715 3217 tanquam
728 3128 856 3197 fortuns
869 3130 1011 3197 locorum

258 3230 348 3298 Bells
361 3245 461 3322 geret,
476 3244 637 3321 servetque
650 3233 767 3301 ducum
782 3235 840 3301 sibi
854 3233 918 3301 fsts
931 3236 1086 3321 priorum,

259 3336 356 3403 Felici
369 3360 436 3403 non
449 3338 550 3407 fumo
563 3337 635 3405 loco
649 3340 783 3405 tentoria
796 3360 928 3426 ponens,

256 3440 392 3509 indulsit
400 3442 518 3523 castris,
533 3454 565 3509 et
579 3442 708 3509 collibus
721 3444 850 3511 sbstulit
862 3466 969 3525 omen,

175 3552 236 3611 666
258 3544 475 3635 Sollicitatque
488 3544 570 3613 ieros
583 3568 648 3613 non
663 3548 760 3635 {equis
773 3549 891 3615 viribm
903 3548 1019 3615 hostes.

258 3648 373 3717 Omnis
388 3652 541 3718 Romanis
555 3672 628 3739 quse
640 3665 775 3719 cesserat
789 3652 899 3720 Ati-icc
910 3654 1018 3743 signis,

257 3754 353 3821 Tunc
367 3756 445 3821 Vsri
460 3756 518 3822 sub
526 3757 598 3842 jure
612 3755 683 3823 fuit:
699 3758 754 3843 qui
769 3759 883 3825 robore
892 3778 1092 3846 quanquam,

260 3858 406 3926 Confisus
421 3860 524 3939 Latio,
539 3861 622 3949 regis
636 3872 742 3928 tamen
756 3865 897 3953 undique
911 3865 994 3929 vires

260 3964 387 4031 Excivit
401 3964 533 4053 Libycoe
546 3967 660 4054 gentis,
676 3980 879 4058 extremoque
892 3967 1005 4035 mundi

179 4072 241 4135 670
264 4072 365 4161 Signa
379 4092 470 4138 suum
483 4070 632 4138 comitstc
643 4071 667 4139 J
667 4072 771 4141 ubsm.
785 4097 852 4141 non
864 4075 962 4142 iirsior
975 4072 1031 4141 ulli

188 4278 241 4325 646.
262 4278 369 4343 Quisque
380 4278 439 4329 tneor
448 4278 525 4334 terris,
536 4275 645 4343 iussum
655 4280 704 4342 spi·
739 4278 828 4329 Noster
838 4295 860 4328 v.
873 4283 928 4330 166.

287 4357 347 4405 rt'tsr
358 4364 427 4405 arm

1224 608 1299 686 217

258 4430 400 4500 Egtn'lurr]
417 4428 470 4480 Alii
481 4428 576 4480 codices
587 4430 707 4481 ERIGI·
764 4386 1258 4493 pmumasmnpou’sotsnmdsm

162 4504 325 4567 'l'Ufflcsdsx
334 4507 708 4573 Acsdemiaeprovsdslscticne
762 4502 996 4557 WWW

164 4578 369 4641 suesanus.
392 4584 596 4651 sompnus
773 4598 831 4645 sc.
845 4618 912 4636 -
927 4593 1051 4658 cmm
1075 4591 1179 4643 asum
1200 4582 1298 4656 ωηατ]
