3092 5309
216 554 288 625 208
530 542 590 623 M.
618 542 828 624 ANNAEI
869 542 1101 625 LUCANI

322 757 517 847 Remigium:
533 757 598 837 sed,
614 758 701 847 quod
716 759 856 827 trabibus
869 760 1077 828 circumdedit
1086 781 1208 850 aequor,

233 868 295 930 415
319 863 396 929 Hoc
410 862 491 943 ferit,
507 876 538 929 et
553 864 641 930 taciti
655 864 777 952 proebet
790 866 944 932 miracula
957 888 1076 945 cursus,

318 968 416 1046 Quod
431 990 490 1035 nec
503 968 573 1036 vela
586 970 675 1050 ferat,
690 992 750 1037 uec
764 984 888 1059 apertas
902 972 1045 1038 verberet
1057 971 1171 1041 undas.

320 1074 414 1139 Tunc
428 1072 509 1139 freta
522 1086 695 1155 serrantur,
711 1074 790 1141 dum
803 1098 839 1143 se
849 1076 1020 1143 declivibus
1034 1076 1127 1143 undis

322 1178 437 1250 AEstus
453 1193 537 1269 agat,
553 1180 713 1269 refluoque
727 1182 809 1247 mari
822 1181 983 1248 nudentur
996 1204 1111 1249 areum

318 1283 453 1371 Jamque
466 1284 619 1351 relabenti
633 1286 815 1353 crescebant
828 1286 936 1355 littora
947 1301 1062 1375 ponto3

234 1393 300 1453 450
322 1386 423 1455 Missa
437 1390 513 1457 ratis
525 1412 629 1477 prono
642 1391 782 1459 defertur
796 1392 885 1480 lapsa
896 1392 1068 1480 profundo,

319 1492 363 1560 Et
374 1494 512 1584 geminae
525 1496 664 1563 comites.
680 1510 811 1564 cunctas
823 1520 918 1584 super
931 1498 1034 1565 ardua
1046 1496 1144 1567 turns

321 1598 462 1681 Eminet,
477 1614 509 1667 et
523 1602 662 1668 tremulis
675 1602 815 1669 tabulata
828 1602 982 1669 minantia
994 1603 1110 1690 pinnis.

316 1704 428 1771 Noluit
443 1704 578 1795 Illyricae
591 1719 695 1774 custos
711 1706 863 1775 Octavius
875 1708 974 1775 undoe

319 1810 494 1877 Confestim
508 1825 630 1879 tentare
643 1826 754 1893 ratem,
769 1814 946 1901 celeresque
960 1815 1083 1881 oarims

231 1922 296 1981 485
319 1916 494 1998 Continuit,
510 1941 603 1985 cursu
616 1932 735 1988 crescat
748 1920 826 1987 dum
839 1920 950 2007 praeda
963 1920 1118 1988 semmdot

319 2027 363 2093 Et
373 2040 490 2094 temere
504 2029 659 2118 ingressos
673 2030 881 2117 repetendum
894 2030 1007 2097 inritat
1019 2030 1061 2097 ad
1078 2050 1190 2116 aequor

320 2132 404 2199 Pace
418 2132 524 2199 maris.
570 2133 623 2200 Sic
636 2132 714 2199 dum
728 2133 860 2222 pavidos
873 2133 1042 2201 formidine
1056 2156 1165 2202 oerroa

318 2238 455 2305 Claudat
475 2238 617 2306 odoratae
630 2250 805 2307 metuentes
819 2246 893 2307 a‘e’ra
905 2262 1033 2329 pennae:

315 2344 384 2412 Aut
398 2344 475 2411 dum
489 2345 646 2433 dispositis
659 2344 781 2413 attollat
794 2346 874 2413 retia
885 2347 969 2414 varia

227 2456 293 2515 440
314 2448 469 2531 Venator,
484 2461 571 2517 tenet
584 2474 642 2517 ora
654 2450 731 2517 levis
745 2451 884 2518 clamosa
901 2451 1054 2532 Molossi3

318 2557 500 2643 Spartanos,
517 2556 691 2645 Cretasque
703 2556 795 2647 ligat:
810 2578 870 2624 nec
883 2556 1022 2625 creditur
1032 2556 1092 2626 ulli

318 2662 413 2753 Sylva
427 2664 509 2743 cani,
523 2664 585 2729 nisi
599 2664 654 2751 qui
667 2685 777 2751 presso
790 2663 921 2753 vestiga
933 2676 1038 2731 rostro

321 2768 465 2857 Colligit,
480 2778 512 2833 st
525 2766 635 2855 prada
650 2768 750 2835 nescit
760 2768 876 2834 unare
889 2781 1027 2855 reperta,
1075 2760 1078 2763 ’

319 2872 496 2939 Contentus
509 2872 645 2939 tremulo
659 2886 848 2939 monstrasse
861 2873 975 2939 cubilia
988 2872 1068 2940 loro.

230 2983 295 3043 445
318 2977 388 3045 Nec
402 3000 500 3043 mora.
515 2976 714 3066 complentur
728 2977 840 3057 moles,
852 2977 1005 3066 avideque
1014 2978 1123 3067 petitia

315 3082 424 3149 Insula
437 3082 592 3149 deseritur
604 3082 735 3149 ratibus:
758 3104 823 3171 quo
835 3094 978 3170 tempore
990 3085 1112 3171 primas

317 3188 450 3276 Impulit
462 3188 504 3255 ad
518 3200 643 3255 noctem
652 3189 720 3276 jam
733 3187 793 3254 lux
805 3200 948 3255 extrema
960 3189 1115 3257 tenebras.

317 3292 365 3359 At
376 3294 588 3381 Pompeianus
601 3290 728 3359 fraudes
740 3292 901 3359 innectere
913 3305 1015 3381 ponto

317 3399 460 3487 Antiqua
472 3411 564 3487 parat
577 3408 645 3465 arte
661 3397 757 3478 Cilix,
771 3420 942 3486 passusque
955 3420 1068 3465 vaeare

229 3504 296 3567 450
319 3502 451 3569 Summa
463 3503 545 3585 freti,
560 3502 665 3569 medio
680 3502 843 3593 suspendit
855 3502 981 3569 vinceda
993 3514 1105 3590 ponto,

207 3720 313 3783 undique
328 3718 431 3787 eappa]
451 3720 758 3771 Conloeeurnlroclocorl-
789 3722 958 3772 nonEara'aet.
988 3718 1351 3773 Machameum-

206 3794 758 3861 mtlalraodianietmpttoltnttnmuimi-
788 3796 1068 3861 &inmensum

203 3890 244 3927 no.
264 3873 371 3924 Grotius.
822 3881 879 3927 446.
904 3902 958 3915 -
973 3866 1134 3939 Quotempo're
1141 3878 1233 3939 prinae

238 3958 294 4004 451.
310 3954 490 4003 -Caaetar
505 3968 575 4015 super
590 3954 666 4001 ordw
684 3955 758 4003 tanta
884 3953 1349 4017 lapatitmsoaemjmnamma

307 4032 412 4089 Retinet,
430 4034 572 4081 sersenatis
591 4031 701 4081 tadelma
714 4034 757 4080 ati·
789 4032 911 4098 tutona]
922 4032 1019 4081 Durum
1038 4033 1084 4081 hoe
1102 4040 1127 4081 et
1146 4031 1352 4095 planeiemm

205 4114 289 4164 nanda
297 4109 399 4177 pinnis]
418 4112 600 4173 &adaram
616 4110 760 4172 tymme„
792 4112 849 4161 aaa
864 4112 963 4173 impellit
984 4110 1087 4159 marn
1103 4112 1135 4159 cd
1155 4119 1257 4165 noctem·
1278 4120 1348 4159 certe

205 4208 277 4255 asper
287 4194 532 4247 mantnanoeosnnes
549 4199 594 4238 tres
601 4198 663 4238 rates
672 4192 757 4239 eminet
789 4187 1168 4251 stnmpodusquamlmpetllt.
1188 4186 1347 4237 euticam

202 4272 279 4319 tarr-ir
294 4278 316 4319 et
331 4271 444 4326 tabulata,
466 4269 509 4318 'At
529 4267 680 4317 acutissimus
702 4268 757 4317 Nic.
788 4268 896 4327 Impulit,
919 4264 962 4314 alii
988 4267 1097 4327 Impedit,
1119 4262 1216 4329 quidam
1237 4266 1346 4329 Imperia
1392 4265 1396 4269 ’

204 4346 464 4399 Heinriuudsilium
483 4344 515 4395 ir.
527 4350 584 4394 641.
599 4347 701 4400 Iuncta,
717 4345 755 4394 in·
789 4344 943 4401 Mirorvero,
964 4342 1079 4392 curillud
1100 4342 1199 4391 Grotius
1208 4342 1344 4404 primusin

203 4428 262 4493 quit,
273 4428 379 4476 totamm
397 4428 487 4475 tum's:
511 4427 666 4487 sielegaaan
679 4426 756 4473 (nac.
788 4433 881 4473 textum
889 4421 1015 4486 receperim
1026 4430 1159 4471 nontamen
1170 4420 1287 4470 retraho
1297 4439 1343 4471 ex.

200 4516 252 4556 tas:
270 4505 329 4556 Non
340 4502 459 4567 intelligo:
471 4518 529 4551 nam
540 4502 618 4551 inlice
629 4504 756 4551 verborum
787 4499 916 4563 plicavesit.
934 4500 966 4548 In
978 4499 1056 4562 prima
1074 4499 1188 4549 Editione
1205 4494 1342 4562 hoeponit,

200 4583 382 4645 consumtione.
407 4578 537 4635 decadum
558 4588 610 4633 arat
630 4580 753 4639 usnam
786 4580 1040 4646 lamentantem.-
1053 4579 1344 4642 stckgmdsmmln·

104 4160 135 4207 θ’
