3092 5309
468 514 970 650 rflsnssmmnm.
1007 569 1079 648 1-x.
1271 585 1343 658 ιον

226 793 289 855 705
314 787 434 873 Sponte
447 807 513 863 sus,
537 783 675 872 Niloque
689 795 782 850 teum
796 782 924 870 metitur
936 801 1057 849 oreom-
1114 852 1120 865 ,
1168 865 1173 875 .

314 889 377 958 Sed
390 890 460 978 quis
474 890 535 954 erit
547 889 640 956 nobis
652 888 731 954 lueri
744 883 874 974 pudori
894 884 970 951 inde
982 899 1134 973 petuntur

316 993 394 1060 Huc
409 993 540 1080 Libyeoe
553 1005 681 1072 mortes,
704 1005 736 1058 et
748 991 878 1058 fecimus
888 990 998 1078 nspids
1010 1013 1158 1060 meroem.

317 1099 364 1165 At
377 1119 443 1164 non
457 1107 539 1164 stare
553 1119 647 1164 strum
659 1097 780 1162 miseris
793 1118 923 1182 pessum
934 1117 1091 1178 errrorem,

317 1201 529 1290 Squamiferos
542 1202 654 1292 ingens
669 1199 893 1268 Haemorrhois
906 1189 1167 1287 expliost‘orbes:

227 1310 290 1374 710
313 1307 414 1374 Notus
428 1320 460 1373 et
474 1307 632 1397 ambiguae
647 1306 763 1372 ooleret
777 1306 833 1394 qui
848 1306 993 1394 Syrtidos
1006 1327 1082 1374 arva

316 1411 523 1500 chersydros,
538 1413 692 1499 tractique
706 1411 757 1478 via
769 1409 910 1478 firmante
925 1410 1098 1500 chelydri:

315 1517 360 1583 Et
374 1539 497 1604 semper
510 1529 596 1583 recto
609 1517 751 1604 lapsurus
764 1514 865 1582 limite
879 1515 1050 1583 Cenchriss

317 1621 468 1690 Pluribus
482 1622 535 1688 ille
548 1623 632 1688 notis
645 1621 798 1688 variatam
811 1622 954 1710 pingitur
967 1621 1072 1688 nlvum

313 1725 419 1804 Quom
433 1728 539 1815 parvis
552 1728 669 1794 tinctus
683 1727 815 1794 maculis
829 1726 1003 1792 Thebanus
1017 1727 1171 1814 Ophites:

225 1831 288 1897 715
313 1831 473 1898 consolor
487 1832 613 1910 exustis,
636 1843 731 1920 atque
742 1831 931 1912 indiscretus
944 1833 1047 1898 arenis

311 1939 523 2028 Ammodyss:
548 1941 699 2028 spinaque
713 1941 790 2030 vagi
802 1953 970 2029 torquente
985 1929 1159 2019 cemtaez'

312 2043 357 2112 Et
369 2045 494 2134 Scyrus
508 2046 621 2132 spmis
635 2045 730 2112 etism
745 2067 831 2112 nuno
845 2046 912 2112 sola
925 2048 1048 2132 pruinis

314 2149 455 2216 Exuvias
469 2149 611 2236 positura
624 2173 714 2216 suas:
738 2162 770 2216 et
784 2151 905 2217 torrids
919 2151 1056 2238 Dipsasz

312 2253 356 2320 Et
369 2255 473 2343 grsvis
487 2256 521 2320 in
535 2256 696 2345 geminum
708 2277 839 2345 surgens
851 2267 948 2342 eaput
962 2254 1210 2342 Amphisboensr

225 2360 291 2424 720
315 2357 359 2426 Et
375 2359 491 2426 Natrix
501 2359 634 2426 violetur
648 2382 748 2446 squae,
760 2359 925 2446 Jeculique.
938 2358 1093 2440 volucres,

313 2463 357 2530 Et
369 2477 536 2532 oontentus
549 2465 609 2530 iter
622 2464 724 2530 cauda
738 2464 859 2530 sulcare
874 2464 1009 2530 Persas:

313 2567 443 2657 Oraque
457 2569 636 2636 distendens
647 2568 756 2634 avidus
770 2569 949 2655 spumantia
963 2569 1105 2638 Prester:

312 2673 454 2762 Ossaque
468 2673 638 2740 dissolvens
650 2695 724 2740 oum
738 2695 872 2761 corpore
885 2673 1029 2742 tabificus
1038 2677 1127 2764 Seps.

309 2777 469 2866 Sihiwue
480 2779 644 2846 effundens
659 2789 788 2846 cunctas
802 2780 952 2844 terrentia
960 2792 1076 2866 pestes,

224 2885 288 2949 725
312 2883 398 2949 Ante
411 2906 534 2950 venena
547 2907 675 2964 nocens,
689 2883 751 2950 lats
765 2883 825 2950 sibi
840 2883 1004 2950 submovet
1016 2907 1112 2952 omns

233 2979 238 2984 ’
311 2986 450 3078 Vulgus,
464 3001 497 3056 et
511 2990 545 3054 in
559 3011 658 3056 vacus
671 3003 785 3079 regnet
801 2988 966 3056 Basiliscus
979 3012 1085 3056 sresra.

311 3091 378 3159 Vos
392 3117 529 3182 quoque,
545 3095 600 3182 qui
617 3094 739 3161 cunetis
751 3089 1029 3190 innoxisffimina
1042 3094 1134 3164 terris

313 3198 454 3285 serpitis,
465 3209 578 3265 aurato
591 3197 684 3264 nitidi
698 3197 821 3287 fulgore
835 3198 1013 3279 Drsoones,
1047 3187 1052 3194 ’

197 3327 201 3332 ’
311 3301 480 3370 Pestiferos
494 3303 608 3370 ardeus
621 3303 696 3370 facit
711 3303 830 3384 Africa,
842 3302 958 3370 ducitis
971 3303 1073 3370 altum
1205 3341 1211 3358 ·

223 3409 244 3474 7
247 3415 289 3472 80
312 3409 398 3476 A‘e'rs
412 3431 486 3476 oum
500 3409 623 3498 pennis,
638 3420 842 3496 armentaque
858 3420 926 3476 tota
940 3411 1039 3476 secuti

313 3513 473 3600 Rumpitis
486 3515 631 3604 ingentes
645 3514 782 3602 amplexi
796 3513 925 3580 verbere
940 3525 1059 3580 tauros.

312 3619 381 3686 Nec
392 3633 478 3688 tutus
492 3621 594 3708 spatio
608 3634 654 3687 est
669 3619 819 3709 Elephas:
842 3619 924 3687 detis
938 3621 1047 3688 omnia
1060 3621 1146 3690 leto:
1194 3662 1198 3671 ·

312 3721 382 3788 Nec
396 3723 485 3790 vobis
499 3746 579 3810 opus
587 3737 634 3790 est
647 3723 687 3789 ad
703 3725 801 3791 noxia
814 3723 880 3791 fato
894 3746 1026 3792 veneno.

313 3830 389 3896 Has
403 3821 594 3918 interpestes
606 3831 687 3897 duro
703 3831 787 3898 Cato
797 3832 897 3899 milite
911 3833 1030 3902 siccum

220 3935 282 3999 735
308 3933 465 4002 Emetitur
479 3936 558 4002 iter:
582 3947 630 4002 tot
644 3936 744 4002 tristis
760 3935 826 4004 fate
839 3959 970 4004 suorum

201 4107 277 4158 MSS„
302 4109 398 4172 Herpes
419 4109 551 4172 descriptio
573 4126 627 4174 qun
658 4110 751 4160 falesto.
816 4116 872 4162 686.
889 4113 993 4160 -st
1007 4113 1338 4178 mmmmm
1387 4173 1391 4178 ,

202 4183 310 4234 Grotius.
345 4187 456 4248 Arripuit
466 4189 517 4242 hoo,
535 4187 612 4244 oredo
630 4187 668 4236 vir
681 4203 749 4252 meg-
783 4187 878 4253 urmes]
898 4189 940 4236 Its
961 4187 1018 4237 MS.
1034 4187 1081 4238 hoo
1105 4198 1147 4247 est,
1175 4195 1339 4247 malm

201 4275 250 4310 nus
260 4277 289 4310 ex
300 4261 351 4311 solo
363 4263 504 4312 Bersrnsnni
515 4263 605 4324 ordios,
616 4264 657 4328 qui
669 4265 753 4314 Losa·
788 4265 896 4314 Grotius.

199 4341 224 4388 ts'
245 4339 322 4388 habu.
348 4339 400 4388 Alii
418 4355 509 4404 magno
525 4355 627 4390 numero
644 4343 752 4392 Hastati.
817 4345 873 4392 ⁷1³.
889 4344 1002 4394 flantes
1022 4346 1062 4396 ille
1075 4349 1264 4400 mmmmm
1280 4356 1340 4416 pls·

202 4415 317 4467 Oviids
330 4417 521 4482 ssdemHurpe.
714 4482 718 4490 ,
786 4422 852 4482 giht
874 4422 964 4487 olm]
998 4422 1122 4490 agitems
1142 4426 1253 4490 ooh'lem
1279 4430 1343 4480 dixit

224 4513 696 4564 *summum
790 4499 921 4552 Nm.
946 4501 1055 4554 &oona

228 4569 720 4619 mummolenus-numm.
821 4586 879 4634 ηε,
893 4585 1063 4656 Amdym]
1084 4587 1160 4640 Mss,
1172 4593 1343 4646 mmm,

199 4645 367 4710 moxibidm,
788 4664 864 4728 aym,
901 4662 1007 4715 orm
1232 4727 1238 4738 .
1288 4653 1293 4661 ’
1324 4651 1327 4658 “

222 4749 611 4795 *mmmm
822 4745 879 4792 721.
907 4765 975 4783 -—
1004 4744 1125 4814 rames]
1152 4746 1347 4801 Vennenses
