3092 5309
278 544 352 610 442
580 535 638 612 Μ.
676 538 880 616 ANNAEI
918 537 1147 618 LUCANI

390 761 543 830 Servatur
556 787 666 852 poenas
680 767 714 831 in
725 777 835 853 aperta
847 766 918 834 luce
931 767 1073 834 deterres·

386 865 519 934 Donata
532 883 579 936 est
593 893 660 936 nox
672 893 735 938 uns
748 871 833 949 duci,
855 873 997 960 vixitque
1013 871 1146 937 Pothini

389 969 529 1038 Munere
543 973 701 1042 Phoebeos
716 975 826 1042 ΟΜ
839 975 956 1042 dilatus
970 976 1006 1041 in
1020 987 1120 1042 ortus.

309 1139 313 1150 ,
434 1075 597 1145 Lucifera
608 1079 703 1148 Casia
716 1080 879 1168 prospexit
894 1102 984 1166 rupe,
998 1079 1147 1166 diemque

301 1185 365 1244 485
389 1179 482 1249 Misit
495 1183 530 1248 in
545 1181 725 1275 AEgypturn
739 1185 844 1271 primo
857 1206 984 1272 quoque
998 1183 1065 1250 sole
1078 1184 1252 1249 calentem:

390 1284 475 1351 Cum
489 1287 600 1374 procul
614 1311 634 1354 a
648 1289 746 1354 muris
760 1289 844 1354 acies
856 1309 923 1352 non
936 1309 1045 1373 sparsa
1057 1286 1220 1372 manipiis,

390 1389 461 1455 Nec
476 1413 556 1482 vegs
570 1394 772 1480 conspicitur,
787 1393 843 1459 sed
848 1395 951 1480 justos
961 1393 1063 1480 qualis
1076 1393 1117 1458 ad
1131 1393 1240 1459 hostes

388 1495 490 1563 Recta
503 1497 607 1566 fronte
621 1501 715 1566 venit.
732 1500 852 1586 psssuri
867 1499 1045 1565 comminus
1057 1520 1159 1579 arma,

394 1599 570 1690 Laturiqtse
583 1615 690 1670 ruunt.
700 1617 740 1672 at
755 1604 865 1670 Coesar
878 1602 1037 1670 moenibus
1050 1602 1138 1670 urbis

305 1707 370 1766 440
391 1703 535 1788 Diffisru,
554 1705 673 1774 foribus
687 1708 802 1774 clsusse
815 1729 849 1772 se
862 1708 1002 1796 protegit
1015 1707 1108 1785 aulae,

391 1807 575 1900 Degeneres
588 1835 697 1899 passus
710 1813 857 1878 latebras
871 1833 931 1876 nec
945 1824 1013 1876 tota
1027 1809 1159 1876 vacabat

394 1913 498 2004 Regis
511 1939 690 2004 compresso
701 1939 709 1980 ε
722 1916 855 1980 minim
868 1915 1036 2004 collegeret
1048 1936 1139 1980 arma

395 2017 491 2086 Parte
504 2019 634 2088 domus:
647 2032 793 2112 *tangant
806 2020 929 2084 animos
942 2019 1071 2104 iraeque,
1086 2029 1271 2106 metusque:

394 2121 439 2190 Et
453 2125 543 2190 timet
556 2127 713 2204 incanus,
728 2125 978 2214 indignaturque
991 2122 1112 2188 timere.

306 2232 371 2292 445
397 2228 451 2295 Sic
464 2229 569 2297 fremit
583 2231 618 2296 in
631 2231 736 2318 parvis
746 2228 813 2296 fers
827 2227 940 2295 nobilis
954 2226 1064 2294 abdita
1078 2226 1233 2304 claustris,

394 2332 439 2399 Et
453 2333 574 2426 frangit
587 2337 714 2402 rabidos
727 2354 903 2422 proernorso
916 2353 1043 2398 carcere
1055 2331 1175 2399 dentes

396 2434 1260 2514 NonsecusinSicuiisinre'rettuaflsmmacavernis,

396 2543 588 2616 Obstrueret
601 2568 757 2614 sumniam
771 2545 798 2612 si
812 2544 883 2633 quis
897 2543 968 2622 tibi,
981 2541 1154 2622 Mulciber,
1172 2540 1320 2608 AEtnarn.

397 2650 518 2719 Audax
529 2653 703 2722 Thessalici
717 2650 772 2740 qni
786 2671 888 2737 nuper
902 2669 982 2734 rupe
996 2647 1056 2712 sub
1072 2645 1173 2726 AEmi,

308 2759 375 2819 450
397 2755 567 2846 Hesperise
580 2771 710 2826 cunctos
724 2777 883 2843 proceres,
897 2753 1061 2839 aciemque
1076 2751 1223 2829 Senatus,

397 2861 649 2952 Pompeiumque
663 2863 788 2941 ducem,
805 2882 900 2927 causa
913 2879 1041 2945 sperare
1055 2868 1192 2933 vetante,

400 2964 478 3032 Non
494 2968 609 3047 timuit,
625 2965 787 3052 femusque
799 2962 859 3030 sibi
872 2959 1018 3049 promisit
1031 2959 1188 3046 iniquum,

396 3067 538 3157 Expavit
549 3071 660 3138 servile
673 3069 770 3148 neiss,
794 3069 941 3154 intraque
954 3077 1084 3152 penates

398 3172 558 3242 Obruitur
572 3177 658 3254 telis;
675 3195 770 3264 quem
784 3194 852 3240 non
865 3171 1010 3236 violasset
1023 3168 1156 3248 Alanus,

309 3287 374 3346 455
398 3283 475 3350 Non
491 3285 619 3375 Scytha,
641 3307 708 3352 non
722 3283 790 3351 fixo
804 3283 860 3370 qui
872 3279 955 3346 ludit
968 3279 1004 3344 in
1013 3277 1140 3366 bospite
1152 3275 1299 3344 Maurus.

268 3461 270 3468 ,
400 3387 479 3470 Hic,
503 3393 555 3460 cui
571 3393 710 3460 Romani
724 3391 862 3480 spatium
874 3407 941 3452 non
955 3385 1069 3452 sufficit
1082 3385 1178 3464 orbis,

399 3493 566 3587 Parvaque
580 3521 680 3590 regns
692 3509 786 3586 putat
798 3493 907 3583 Tyriis
920 3514 994 3558 cum
1009 3490 1157 3558 Gadibus
1172 3489 1282 3568 Indos,

398 3597 468 3666 Ceu
481 3623 562 3689 puer
575 3603 719 3682 imbellis,
742 3624 802 3668 ceu
813 3598 913 3686 captis
926 3597 1044 3662 semina
1057 3596 1155 3662 muris

399 3704 527 3783 Quaerit
537 3720 604 3774 tuta
618 3707 750 3774 domus:
774 3725 863 3792 spem
876 3702 950 3768 vitre
963 3703 998 3766 in
1012 3701 1121 3765 limine
1131 3699 1238 3764 clauso

314 3815 379 3874 460
401 3810 508 3892 Ponit,
532 3825 565 3878 et
578 3814 699 3878 incerto
713 3812 824 3878 lustrat
838 3830 936 3896 vagus
950 3806 1031 3872 atria
1044 3827 1158 3871 cursu:
1320 3877 1326 3892 ι

401 3917 479 3984 Non
493 3920 561 3986 sine
574 3941 649 4007 rege
663 3931 790 3994 tamem
810 3935 906 4004 quem
916 3910 1004 3978 ducit
1014 3910 1050 3974 in
1063 3909 1172 3974 omnia
1182 3927 1300 3985 secum,

405 4023 573 4092 Sumturus
583 4045 695 4112 poenss
708 4034 741 4089 et
756 4033 850 4110 grata
862 4015 990 4104 piacula
1002 4015 1115 4092 mortis

405 4127 625 4218 Missurusque
638 4140 740 4208 tuum,
756 4127 864 4192 sinon
877 4123 942 4188 sint
951 4121 1025 4198 tela,
1039 4141 1099 4184 nec
1114 4117 1215 4205 ignea,

405 4231 448 4299 ln
463 4233 607 4315 samum,
624 4233 807 4310 Ptolemaee,
822 4239 925 4316 caput
939 4226 984 4292 sic
997 4224 1135 4290 barbara
1152 4218 1286 4286 Colchis

318 4351 384 4411 465
407 4345 558 4412 Creditur
571 4346 707 4414 ultorem
721 4356 865 4412 metuens
879 4339 1045 4430 regnique,
1058 4335 1217 4425 fingisque,

316 4547 720 4598 ——mummpm
977 4543 1094 4592 natm
1107 4541 1136 4588 tn
1156 4551 1251 4588 mm
1265 4537 1376 4586 maa
1393 4550 1423 4597 pr

276 4625 282 4634 ·
316 4603 514 4646 rimamus
1012 4619 1205 4672 mudum

327 4697 556 4750 ets—omar
565 4701 634 4763 repis,
641 4699 849 4764 panisperna*
984 4697 1028 4745 Tot
1039 4695 1147 4744 muris
1154 4694 1262 4755 ΕΜ(
1270 4687 1372 4756 m]
1383 4689 1423 4738 nn

423 4783 466 4834 Μ
882 4769 974 4839 aliquid
986 4771 1058 4830 uec,
1077 4778 1122 4821 aut
1143 4767 1267 4836 aquensis
1282 4777 1363 4817 nam
1380 4778 1425 4815 cre·

866 4879 883 4926 5
